2942 4928
6 379 11 708 q
416 361 584 458 missu.
606 395 808 458 ustrou.
829 398 911 460 ms.
932 401 990 480 ης.Ι
1007 417 1036 462 2.
1208 397 1245 481 o,

204 557 347 624 cendum
370 559 429 624 fit?
455 561 634 628 cu'usmodi
655 563 811 652 exemplis
834 561 928 652 plena
946 561 1019 628 sunt
1040 561 1168 628 omniu:
1192 561 1246 630 sed

203 667 309 712 unum
331 647 460 712 interim
482 586 608 728 suffieu,
631 650 793 736 Equidem,
814 651 895 736 quod
916 651 959 712 ad
981 675 1026 714 me
1049 651 1168 730 attinet,
1189 675 1244 738 quo

204 755 251 794 me
267 745 394 812 vertam,
410 735 513 820 nescio.
559 735 672 823 Negem
682 735 778 821 fuiffe
792 736 951 824 infamiam
959 736 1073 823 judicii
1087 737 1217 824 corrupti
1226 737 1247 800 ,θ

206 815 273 880 &c
319 819 393 882 Hoc
417 821 515 884 etiam
540 820 574 884 in
600 821 797 907 praeteritum
822 821 926 886 valet:
951 843 1024 884 nam
1041 835 1074 886 et
1090 821 1245 886 dubitasse

146 915 191 964 20
207 921 267 966 nos
296 901 479 990 fingimus„
505 908 536 972 A
563 929 630 993 quo
653 907 813 971 schemate
840 929 903 970 non
928 905 1040 994 procul
1065 909 1150 972 abest
1177 907 1243 988 illa,

205 1009 280 1076 quae
314 989 432 1054 dicitur
461 992 691 1072 communicatio,
722 1015 797 1055 cum
827 1001 908 1055 aut‘
943 991 1024 1078 ipsos
1052 993 1244 1058 adversarios

205 1074 414 1154 consulimus,
441 1091 479 1141 ut
503 1076 670 1142 Domitius
692 1077 773 1141 Aser
798 1099 855 1164 pro
879 1075 1089 1159 Cloantillat,
1114 1077 1244 1143 Atilia

204 1160 296 1244 ndat
322 1161 438 1250 trepida
451 1173 476 1240 ⁸,
498 1163 574 1251 quid
594 1161 683 1228 liceat
695 1163 838 1250 feminee,
858 1163 933 1250 quid
950 1166 1100 1248 corq'ugem
1115 1161 1242 1231 deerat:

192 1242 282 1330 sorte
307 1271 361 1310 uos
390 1248 423 1311 in
451 1247 507 1312 itta
527 1248 719 1335 fhlitudinef
747 1249 847 1314 obvios
873 1250 956 1335 casus
984 1251 1024 1312 mi
1038 1251 1098 1312 'erae
1126 1251 1246 1316 mulieri

206 1329 341 1395 obtulit.-
379 1345 422 1412 tu,
443 1333 564 1420 frater,
596 1358 660 1413 uos,
692 1334 815 1422 paterni
851 1334 951 1414 einrici,
984 1335 1065 1420 quod
1095 1337 1243 1422 corfilr'um

147 1427 190 1478 21
206 1415 320 1480 datis?
352 1417 423 1482 Aut
449 1442 526 1484 cum
551 1419 711 1484 'udicibus
736 1421 821 1505 quast
844 1419 1072 1500 deliberamus,
1093 1421 1182 1510 quod
1200 1423 1245 1487 est

204 1499 505 1588 frequentissimum,
532 1444 616 1592 desid
628 1503 797 1594 suadetis?
828 1517 872 1586 et,
905 1505 959 1570 Vos
985 1506 1096 1572 interro
1119 1531 1146 1588 o,
1172 1509 1247 1596 qaid

205 1589 443 1738 tandemserio
465 1591 584 1656 ortuit?
604 1605 642 1655 ut
657 1593 760 1656 Cato:
788 1591 877 1672 Cedo,
887 1591 923 1676 st
937 1615 989 1655 vos
1004 1593 1036 1656 in
1052 1616 1081 1656 eo
1093 1533 1156 1656 ioco
1172 1593 1245 1679 effe-

204 1673 256 1753 tis,
272 1675 323 1761 qui
359 1675 404 1739 ati
449 1675 624 1764 ficiffetis?
645 1679 687 1741 Et
702 1676 790 1756 alibi,
807 1674 991 1741 Communem
1005 1701 1066 1742 rem
1079 1677 1134 1765 agi
1148 1691 1244 1766 pota·

145 1767 276 1839 22tote‚
300 1785 337 1824 ac
366 1786 419 1827 vos
446 1763 514 1827 huic
540 1763 584 1826 rei
600 1763 778 1912 (praeprfitos
805 1764 868 1848 effe.
914 1762 976 1826 Sed
1001 1785 1245 1850 nonnumquam
1308 1777 1309 1780 ’

204 1847 486 1912 communicantes
500 1847 540 1912 ali
564 1847 598 1913 ui
636 1848 883 1934 inexspestatum
899 1845 1013 1936 subjun
1040 1848 1138 1929 imus,
1155 1849 1245 1937 quod

203 1943 239 1996 et
254 1953 310 2017 per
323 1931 353 1996 se
374 1931 501 1997 schema
521 1872 586 1998 eii:
610 1946 648 1997 ut
663 1934 695 1998 in
710 1935 844 1998 Verrem
860 1932 986 2014 Cicero,
1003 1873 1087 1999 Oguid
1106 1935 1245 2000 deiude?

203 2018 283 2118 quid
299 2019 451 2082 certetis?
470 2018 596 2106 furtum
607 2019 749 2107 fortoffe,
765 2031 819 2084 out
835 2020 972 2106 praedom
987 2020 1153 2108 aliquam?
1173 2023 1244 2086 De·
1274 2065 1280 2082 .

204 2103 295 2182 lude,
325 2126 401 2168 cum
431 2103 488 2169 diu
516 2105 719 2192 suspendisset
748 2103 898 2192 judicum
929 2105 1065 2185 animos,
1095 2104 1243 2192 subjecit,

148 2203 189 2270 23
205 2189 295 2276 quod
318 2189 422 2253 multo
445 2189 520 2255 esset
544 2191 732 2278 improbius.
776 2193 851 2256 Hoc
876 2191 987 2256 Celsus
1001 2191 1245 2278 sustentationem

204 2285 311 2340 vocat.
356 2275 409 2338 Est
433 2288 542 2340 autem
565 2275 703 2362 duplex:
728 2299 803 2341 nam
827 2289 938 2341 contra
957 2276 1004 2342 fre
1028 2291 1152 2357 uenter,
1168 2299 1246 2344 cum

204 2360 264 2424 exs
281 2361 475 2426 edictionem
496 2363 746 2450 gravissimorum
773 2361 920 2441 fecimus,
941 2363 983 2426 ad
1005 2301 1141 2449 inquid,
1157 2363 1245 2451 quod

204 2446 243 2511 fit
258 2383 338 2526 iere,
356 2461 412 2511 aut
427 2447 541 2512 nullog
557 2448 655 2513 modo
670 2447 887 2528 criminosum,
903 2447 1136 2513 descendimus.
1168 2451 1243 2530 Sed,

206 2531 362 2618 quianon
382 2545 508 2598 tantum
527 2556 582 2621 per
603 2533 930 2600 communicationem
952 2533 1018 2597 sieri
1038 2533 1129 2614 solet,
1144 2536 1244 2617 oropus·

145 2629 192 2693 24
207 2619 282 2694 δοξον
298 2618 352 2682 alii
366 2619 623 2698 nominaverunt,
640 2620 673 2682 id
696 2621 750 2700 est,
765 2619 961 2706 inopinatum.
1008 2617 1078 2682 Illis
1088 2641 1165 2698 ,non
1188 2643 1244 2685 ac-

205 2703 300 2778 ¹ced0‚
316 2703 372 2790 qui
389 2705 517 2768 schema
531 2705 591 2771 elle
606 2705 799 2778 existimant,
815 2701 913 2768 etiam
933 2704 954 2767 si
970 2703 1048 2852 quid
1065 2705 1159 2768 nobis
1173 2705 1246 2791 ipss

202 2788 351 2864 dicamus
379 2789 628 2876 inexspetiatum
656 2789 823 2855 accidisse:
860 2804 898 2853 ut
928 2788 1042 2868 Polio,
1071 2788 1247 2878 Numquam

193 2871 268 2959 flore
289 2875 412 2954 credidi,
423 2877 555 2963 judices,
570 2888 615 2953 ut,
631 2901 679 2941 reo
704 2876 828 2954 Scauro,
843 2899 880 2938 ne
903 2875 979 2962 quid
1002 2874 1034 2938 iu
1056 2876 1117 2962 ejus
1127 2877 1246 2964 judicio

147 2967 190 3038 25
201 2960 310 3046 gratia
326 2960 454 3041 valeret,
466 2976 615 3048 precarer.
662 2963 768 3026 Peneh
784 2961 870 3024 idem
886 2959 958 3025 fons
972 2961 1016 3024 est
1030 2959 1130 3041 illius,
1146 2983 1246 3112 quam

201 3045 413 3144 permifflonem
438 3061 565 3126 vocant,
589 3047 645 3133 qui
672 3047 996 3112 communicationis:
1034 3068 1110 3110 cum
1136 3047 1246 3135 aiqua

204 3131 277 3216 rpsrs
293 3131 459 3219 judicibus
486 3133 698 3220 relinquimus
721 3127 932 3210 aeslimanda¹‚
949 3131 1056 3232 aliqua
1079 3155 1244 3197 nonnum-

229 3239 303 3280 uam
333 3217 512 3282 adversariis
539 3239 691 3316 quoque:
727 3231 766 3282 ut
789 3217 908 3284 Calvus
933 3216 1079 3296 Vatini0‚
1107 3218 1246 3305 Perfrica

193 3237 344 3388 drentem,
359 3314 387 3367 et
407 3304 455 3367 dic
476 3315 504 3366 te
524 3304 700 3392 digniorem,
717 3304 768 3391 qui
788 3316 900 3393 praetor
912 3301 1020 3390 fieres,
1037 3328 1128 3390 quam
1152 3306 1245 3368 Cato-

148 3384 190 3452 26
204 3411 282 3452 neu.
328 3390 411 3456 Quae
434 3410 508 3452 vero
531 3390 604 3470 sunt
623 3389 781 3476 augendis
802 3388 968 3454 asfettibus
991 3389 1245 3454 accommodato>

204 3473 330 3560 sigurae,
356 3475 499 3539 constant
522 3475 661 3538 maxime
672 3473 878 3560 simulatione.
923 3476 1078 3560 Namque
1100 3487 1135 3538 et
1153 3475 1245 3540 irasci

114 3611 123 3630 .
204 3581 276 3636 nos,
293 3569 326 3623 et
344 3559 497 3646 gaudere,
519 3573 552 3624 et
572 3559 697 3638 timere,
713 3574 746 3625 et
765 3558 925 3638 admirari,
940 3572 975 3624 et
998 3559 1118 3638 dolere,
1135 3573 1167 3624 et
1189 3558 1242 3624 in-

204 3644 344 3730 dignari,
370 3662 404 3707 et
428 3657 548 3732 optare,
576 3667 714 3730 quaeque
742 3646 816 3710 sunt
845 3645 958 3709 fimilia
986 3643 1049 3720 his,
1076 3644 1243 3730 fingimus.

203 3731 286 3794 Inde
300 3731 373 3794 sunt
388 3729 455 3812 illa,
471 3731 630 3794 Liberatus
642 3732 726 3818 sum.
770 3729 951 3818 Respr’ram:
973 3741 1017 3809 et,
1034 3731 1116 3794 Bene
1129 3729 1242 3794 habet.-
1291 3743 1294 3752 '

235 3907 246 3933 l
266 3901 331 3962 apud
341 3899 406 3949 Jens.
503 3899 514 3930 ‘¹
533 3897 645 3948 Cloatilla
656 3899 731 3946 nescit
742 3897 772 3946 G.
784 3897 847 3945 lens.
864 3894 1007 3960 viciniasoni
1017 3893 1075 3958 elifit
1085 3905 1129 3944 tres
1131 3895 1245 3963 splsabos.

202 3965 383 4028 ·uepidattid.
448 3960 620 4012 ‘solicitudine
633 3964 664 4011 G.
676 3969 743 4024 rare,
753 3963 858 4012 arbitror.
889 4019 893 4022 ,
923 3962 997 4010 tullo
1009 3961 1039 4010 G.
1052 3961 1117 4011 male.
1175 3964 1242 4012 hEst

134 4067 136 4074 ,
200 4029 481 4096 peneidemsonsteos.
544 4027 734 4120 [existimus

240 4181 284 4229 ¹9·
302 4159 430 4231 Equidem,
441 4159 517 4228 qued]
530 4159 579 4212 Pro
591 4157 695 4211 Cluent.
745 4175 769 4211 c.
787 4161 829 4208 18.
849 4157 872 4208 Ο
883 4165 992 4226 tempora
1003 4155 1082 4212 Catil.
1098 4175 1123 4220 r,
1138 4175 1163 4211 r.
1173 4121 1176 4130 Ι
1187 4157 1240 4212 MI-

200 4251 270 4290 u!-
308 4233 338 4284 ln
351 4233 451 4280 Verrem
466 4248 490 4292 ς,
507 4247 530 4294 5,
544 4247 581 4294 pr.
730 4227 993 4300 strummePhilm,
1007 4231 1051 4280 26.
1087 4289 1097 4301 .

191 4303 199 4314 '
239 4305 285 4354 26.
307 4300 439 4352 Liberatus
448 4299 520 4369 firm]
541 4297 590 4352 Pro
603 4296 697 4350 Milon.
734 4297 737 4304 '

749 4383 806 4450 Θ3
