3014 4918
451 397 619 480 tussia.
640 395 1029 479 unisonarum.
1050 436 1079 480 2.
1206 415 1268 495 ’μὶ

235 597 306 666 mea
321 598 385 648 non
401 601 441 646 eo
454 581 604 670 pertinet,
620 593 657 646 ut
671 581 730 648 else
746 591 901 648 oratorem
915 579 1137 668 philosophum
1152 579 1261 670 velim,

226 667 362 755 ,quando
376 685 439 732 non
462 667 524 732 alia
539 669 611 732 vitae
633 667 713 732 seda
728 667 855 754 longius
870 689 889 731 a
909 666 1056 731 civilibus
1071 665 1194 743 officiis,
1210 679 1260 732 at·

202 763 221 834 7
235 770 297 838 que
312 753 351 815 ab
367 753 455 816 omni
469 770 602 816 munere
616 752 749 815 oratoris
763 751 907 817 receffit.¹
935 752 1021 814 Nam
1036 751 1258 840 quis‘philoso'ss

127 857 130 864 ¹
168 899 170 905 ,
232 836 368 918 pirorum
389 842 445 900 aut
459 837 492 900 in
509 835 641 928 judiciis
662 835 821 924 frequens,
837 835 1019 900 antelatus
1041 837 1074 898 in
1094 836 1259 926 concioni}

232 919 402 986 bus‘suit?
424 922 509 986 Quis
530 921 669 1008 denique
691 921 723 984 in
750 920 822 1005 ipsa,
838 941 933 1005 quam
955 919 1093 984 'maxime
1116 919 1193 1011 pleri
1218 943 1259 988 ue

232 1004 430 1092 praecipiunt,
445 1005 627 1094 reipublicae
649 1005 912 1070 administratione
926 1005 1063 1068 versatus
1077 1003 1119 1068 eli
1130 1009 1169 1070 tl
1194 943 1258 1072 ltss

231 1098 296 1172 que
314 1102 337 1152 e·
356 1111 376 1152 o
393 1089 499 1170 illum,
515 1108 610 1177 quem
634 1089 761 1154 instituo
774 1091 797 1166 ἓ,
813 1091 992 1154 Romanum
1014 1091 1185 1174 quemdam
1199 1089 1257 1160 'vel
1350 1112 1353 1118 ’

231 1172 290 1235 lim
310 1111 371 1238 elle
393 1175 576 1260 sapientem,
598 1175 654 1261 qui
675 1177 738 1239 no'n
760 1175 886 1238 seeretis
907 1173 1183 1260 disputationibus,
1203 1175 1259 1242 sed

232 1277 337 1320 rerum
363 1257 583 1346 experimentis
607 1269 703 1345 atque
724 1258 884 1346 operibuS,
907 1279 978 1322 vere
1002 1258 1127 1322 civilem
1154 1259 1259 1327 virum

199 1339 219 1402 8
233 1339 395 1407 exhibeat.
440 1343 502 1408 Sed
524 1344 599 1444 quia
617 1345 737 1408 deserta
754 1343 859 1422 abiis,
875 1343 931 1428 qui
946 1343 976 1406 se
990 1343 1029 1405 ad
1043 1341 1259 1429 eloquentiam

114 1497 121 1510 ,
233 1427 447 1505 contulerunt,
462 1429 562 1493 studia
582 1428 754 1515 sapientiae,
769 1449 833 1492 non
852 1428 920 1514 jam
943 1427 976 1490 in
998 1429 1070 1491 adiu
1091 1429 1146 1492 suo
1161 1429 1258 1518 atque

231 1509 265 1573 in
281 1511 341 1576 hac
355 1511 415 1576 fori
428 1513 501 1578 luce
515 1513 685 1590 versantur,
699 1513 753 1576 sed
767 1513 799 1576 in
814 1512 955 1602 porticus
970 1525 1002 1575 et
1015 1516 1176 1600 gymnasia
1189 1517 1257 1602 pri·-

232 1617 334 1676 mum,
350 1619 425 1661 mox
447 1599 479 1661 in
502 1612 676 1662 conventus
697 1597 873 1662 scholarum
896 1595 1095 1676 recellerun't,
1115 1597 1149 1663 id
1170 1594 1259 1686 quod

231 1682 275 1744 est
289 1684 409 1770 oratori
419 1683 634 1758 necessarium,
651 1703 710 1746 nec
723 1705 743 1746 a
757 1681 883 1746 dicendi
898 1684 1144 1770 praeceptoribus
1158 1685 1258 1749 tradi:

195 1835 196 1840 η
230 1776 294 1843 tur,
311 1767 350 1830 ab
366 1767 405 1830 iis
420 1782 527 1853 petere
542 1768 692 1830 nimirum
708 1767 828 1831 necesse
841 1767 895 1845 est,
909 1767 993 1852 apud,
1007 1786 1087 1854 quos
1100 1769 1257 1836 remanfit.

198 1871 218 1937 9
232 1849 407 1914 Evolvendi
421 1853 548 1938 penitus
566 1851 721 1932 auderes,
737 1852 793 1939 qui
815 1852 854 1915 de
876 1852 994 1914 virtute·
1008 1853 1205 1940 praecipiunt,
1221 1857 1259 1920 'ut

231 1936 364 1998 oratoris
384 1935 447 2000 vita
470 1957 545 2000 eum
566 1937 693 2000 scientia
714 1936 892 2000 divinarum
915 1959 1019 2004 rerum
1043 1939 1079 2000 fit
1101 1939 1258 2004 humana-

231 2037 367 2106 rumque
381 2020 561 2106 conjundia.
596 2021 679 2086 Quae
694 2021 703 2084 i
728 2021 767 2084 sae
782 2035 902 2108 quanto
915 2020 1049 2106 majores
1064 2045 1101 2086 ae
1116 2024 1257 2110 pulchri·
1365 2035 1369 2042 '

231 2120 303 2166 ores
315 2103 507 2184 viderentur,
522 2107 542 2168 fi
564 2104 671 2170 illasii
693 2045 855 2184 illicerent,
870 2105 925 2192 qui
942 2105 1036 2170 etiam
1053 2107 1160 2194 eloqui
1176 2121 1257 2196 prae'-

231 2188 408 2254 iiantiliime
429 2189 580 2276 pollenti
597 2190 793 2277 Utinamque
807 2191 843 2253 fit
864 2203 990 2276 tempus
1012 2213 1176 2278 umquam,
1193 2217 1258 2282 quo
1362 2239 1366 2248 ι

230 2271 387 2358 perfeetus
401 2275 515 2362 aliquis
530 2277 669 2362 (qualem
684 2277 843 2362 optamus)
857 2286 962 2339 orator
972 2275 1054 2338 hane
1069 2289 1188 2360 partem
1204 2280 1257 2344 su-

231 2357 329 2441 perbo
345 2360 473 2424 nomine
488 2373 521 2424 et
540 2362 623 2424 vitiis
638 2361 848 2448 quorumdam
863 2360 947 2424 bona
967 2359 1039 2446 ejus·
1052 2381 1256 2450 corrumpen-

229 2443 313 2505 tium
340 2443 482 2524 invisam,
499 2445 639 2510 vindicet
662 2445 728 2525 fibi,
745 2467 792 2524 ao,
815 2445 904 2508 velut
930 2444 1024 2509 rebus
1047 2447 1200 2532 repetitis,
1223 2450 1257 2515 in

177 2545 219 2592 10
231 2546 344 2625 corpus
360 2529 550 2616 eloquentiae
566 2529 712 2594 adducat.
758 2531 841 2594 Quae
859 2529 990 2615 quidem
1006 2551 1079 2592 cum
1095 2531 1177 2595 snio
1193 2545 1258 2616 tres

231 2610 327 2675 divisa
347 2613 461 2698 partes,
480 2613 661 2687 naturalem,
684 2614 832 2692 moralem,
847 2614 1043 2677 rationalem:
1062 2628 1162 2700 ,quae'
1184 2629 1256 2681 tan·
1349 2627 1353 2632 “

230 2693 304 2758 dem
318 2718 382 2759 non
397 2699 439 2760 est
454 2719 527 2760 cum
543 2699 674 2762 oratoris
688 2719 782 2796 opere
796 2697 987 2784 oonjundia?
1011 2699 1096 2762 Nam
1117 2713 1153 2766 ut
1167 2702 1255 2768 ordi-

230 2799 303 2843 nem
328 2792 412 2845 retro
435 2803 579 2869 agamus,
603 2782 643 2846 de
666 2782 781 2846 ultrma
801 2781 866 2860 illa,
883 2804 956 2868 quae
979 2792 1046 2846 tota
1068 2785 1205 2850 versatur
1223 2789 1256 2852 in
1360 2849 1362 2857 s

229 2865 346 2944 verbis,
362 2887 458 2930 nemo
478 2866 681 2946 dubitaverit,
696 2868 716 2931 fi
732 2881 764 2932 et
785 2866 989 2954 proprietates
1004 2868 1089 2932 vocis
1104 2872 1257 2960 cujusque
1323 2929 1325 2934 .
1425 2921 1427 2925 -

229 2949 326 3028 nolle,
341 2963 377 3016 et
402 2951 555 3038 ambigua
578 2953 707 3038 aperire,
727 2965 761 3016 et
782 2949 928 3039 perplexa
952 2951 1136 3033 discernere,
1157 2969 1191 3020 et
1215 2955 1256 3022 de

229 3031 311 3098 falfis
318 3034 475 3121 judicare,
490 3051 524 3101 et
537 3035 687 3124 colligere
701 3059 738 3101 ac
752 3038 916 3116 resolvere,
932 3061 1004 3124 quae
1019 3038 1108 3118 velis,
1124 3043 1256 3107 oratoris

96 3163 98 3166 -
176 3119 283 3186 uest.
328 3117 532 3208 Oliamquam
555 3143 593 3185 ea
613 3144 675 3185 non
699 3135 763 3186 tam
775 3123 824 3185 est
839 3120 959 3186 minute
974 3137 1068 3208 atque
1084 3125 1206 3190 concise
1220 3129 1255 3192 in
1343 3161 1345 3169 ι

193 3249 197 3264 .
228 3200 408 3272 aelionibus
430 3205 598 3284 utendum,
613 3229 709 3293 quam
730 3207 763 3268 in
786 3206 1070 3292 disputationibus:
1093 3211 1254 3294 quia-non
1338 3231 1340 3236 ·

228 3287 345 3353 docere
368 3291 478 3370 modo,
503 3291 557 3354 sed
579 3313 709 3356 movere
732 3291 827 3354 etiam
851 3313 887 3354 ae
911 3291 1065 3357 deleelare
1090 3295 1254 3362 audientes

229 3370 326 3436 debet
340 3387 461 3439 orator:
485 3379 524 3439 ad
547 3377 634 3460 quod
656 3377 780 3462 impetu
801 3397 929 3462 quoque
950 3389 984 3440 et
1004 3378 1123 3442 viribus
1144 3401 1180 3444 ac
1195 3381 1253 3444 de·

229 3477 302 3523 core
323 3460 365 3522 est
378 3463 478 3544 opus:
505 3481 554 3524 us
569 3461 617 3526 „vis
639 3462 781 3525 amnium
803 3461 901 3547 major
920 3463 963 3524 est
976 3461 1047 3528 altis
1062 3463 1149 3549 ripis,
1166 3466 1255 3529 mul-

195 3601 198 3608 .
227 3552 326 3640 toque
349 3544 487 3630 gurgitis
510 3545 612 3608 tradtu
640 3546 821 3623 fluentium,
844 3567 940 3630 quam
965 3547 1069 3609 tenuis
1092 3569 1195 3694 aptiae,
1220 3563 1254 3638 et

176 3627 356 3712 120bJe6iu
374 3628 550 3713 lapillorum
565 3629 754 3694 resultantis.
798 3631 840 3692 Et
865 3649 913 3692 υτ
935 3629 1092 3714 palaestrioi
1131 3633 1254 3714 odiores

217 3709 312 3806 villos,
329 3735 410 3800 quos
435 3737 567 3778 numeros
592 3727 716 3794 vocant,
740 3737 804 3777 oon
829 3713 948 3778 ideirco
970 3713 1163 3790 discentibus
1187 3720 1252 3784 tra-

443 3917 589 3966 taaleni.
654 3913 817 3967 rinstitutum
827 3917 859 3968 id.
923 3916 1036 3982 ³quaia'.
1091 3973 1095 3978 ¹

264 4084 290 4132 6.
308 4093 428 4136 oratorem
444 4083 615 4153 philosophum]
640 4085 716 4136 Adu-
801 4088 827 4136 8.
850 4082 883 4134 ab
905 4081 935 4134 iis
950 4084 1045 4152 petere]
1067 4085 1166 4140 Totum
1185 4088 1250 4143 hunc
1305 4084 1307 4088 ’

227 4147 294 4200 latur
310 4149 437 4204 bicetiam
449 4155 602 4214 Domitiano,
616 4152 715 4224 ptum.
764 4152 847 4222 lecum
870 4153 959 4206 trottae
981 4154 1056 4206 etiam
1077 4155 1104 4205 in'
1131 4163 1252 4228 prooemio

223 4217 302 4343 {lusio
303 4221 392 4343 prpe1
397 4221 525 4344 0Italiaque
548 4222 715 4328 flebotomo,
764 4221 1125 4337 urrisu-timisiudssqqe
1172 4271 1175 4278 .

774 4379 832 4444 x4
