3026 4930
457 364 624 434 rnsrrn
644 361 847 428 onaroa.
866 363 951 428 ura.
970 365 1025 460 rx,
1045 384 1076 442 4.
1204 396 1210 438 2
1232 383 1265 440 13
1270 377 1288 444 ς

248 536 298 594 rat
321 526 436 596 oratio.
482 529 613 596 Peffime
637 529 693 598 lon
747 551 851 630 ,quae
873 525 998 598 easdem
1022 527 1107 600 inter
1126 527 1158 598 se
1178 523 1287 598 literas

189 628 238 698 34
248 614 471 696 committunt,
486 614 656 682 sonabunt.
693 551 881 702 guerpum
896 627 1003 682 tamen
1018 612 1079 680 erit
1099 612 1207 682 hiatus
1228 636 1284 682 ea-

246 723 333 780 rum,
349 723 422 788 quae
448 723 526 768 cavo
550 716 606 766 aut
625 701 737 789 patulo
756 701 917 766 niaxime¹¹
937 721 992 768 ore
1007 699 1193 768 efferuntur.
1228 699 1283 781 Ε,

245 785 394 872 plenior⁰
412 787 507 852 litera
520 789 574 867 est,
589 788 616 866 I,
632 785 809 886 angustior:
833 785 971 874 ideoque
992 785 1155 853 obscurius
1177 785 1210 850 in
1232 783 1290 867 his¹

244 870 374 938 vitium.
418 873 532 939 Minus
554 874 711 960 peccabit,
732 871 788 960 qui
812 871 919 958 longis
941 873 1053 938 breves
1075 870 1234 960 subjiciet,
1250 885 1285 940 et
1328 911 1330 922 ·

245 957 365 1038 adhuc,
391 959 447 1043 qui
472 973 636 1044 praeponet
663 957 771 1045 longae
798 957 941 1023 brevem.
984 955 1147 1022 Minimap
1175 957 1219 1024 est
1247 957 1282 1023 in

175 1089 180 1108 ,
245 1043 371 1108 duabus
386 1043 691 1109 brevibusoffeufio
733 1043 846 1129 Atque
864 1064 938 1109 cum
961 1041 1057 1108 aliaeq
1078 1041 1190 1130 subjun
1221 1041 1280 1112 n-

243 1139 298 1192 tur
312 1128 395 1209 aliis,
411 1130 561 1214 perinde¹
581 1128 753 1216 asperiores
766 1140 872 1208 erunt,
887 1141 982 1214 prout
996 1127 1061 1195 oris
1075 1125 1168 1197 hiatu
1188 1065 1282 1194 liunili

187 1219 231 1293 35
245 1225 302 1296 aut
322 1214 445 1279 diverso
465 1215 784 1301 pronuntiabuntur.¹
810 1214 888 1278 Non
910 1225 1018 1278 tamen
1040 1211 1086 1294 id,
1101 1226 1139 1280 ut
1158 1212 1281 1288 crimen

244 1299 373 1386 ingens,
402 1301 672 1386 expavescendum
701 1301 755 1382 est,
784 1309 842 1364 ac·
872 1297 993 1364 nesciot
1016 1297 1220 1387 negligentia
1245 1298 1280 1364 in

245 1383 321 1464 hoc,
343 1408 384 1450 an
407 1385 577 1452 solicitudo
604 1385 640 1449 fit
664 1385 763 1473 pejor.
809 1382 958 1450 Inhibeat
981 1381 1067 1452 enim
1092 1381 1213 1450 necesse
1235 1385 1281 1449 est

172 1515 178 1528 ,
244 1468 298 1536 hic
313 1484 418 1536 metus
433 1472 589 1558 impeturn
605 1470 747 1552 dicendi,
760 1482 794 1536 et
806 1492 826 1534 a
840 1468 1018 1558 potioribus
1030 1481 1161 1540 avertat.
1185 1471 1279 1536 Qua·

243 1577 278 1622 re
292 1571 329 1620 ut
344 1557 552 1644 negligentiae
568 1580 638 1644 pars
653 1557 696 1620 est
711 1555 774 1620 hoc
792 1555 871 1642 pati,
887 1555 932 1619 ita
946 1555 1137 1620 humilitatis
1157 1555 1279 1642 ubique

242 1643 490 1727 perhorrescere,
504 1641 682 1728 nimiosque
695 1665 759 1706 non
773 1639 935 1706 immerito
950 1642 983 1709 in
997 1641 1059 1706 hac
1074 1662 1150 1708 eura
1164 1647 1281 1727 putant

243 1749 357 1792 ornnes
381 1729 548 1794 Isocratem
571 1729 707 1808 secutos,
728 1726 909 1814 praecipueu
930 1727 1188 1814 Theopompum.
1215 1728 1279 1812 ,At

224 1885 228 1893 ¹
243 1814 474 1878 Demosthenes
489 1829 521 1878 et
536 1815 652 1878 Cicero
666 1813 794 1878 modice
810 1813 1010 1898 respexerunt
1023 1811 1064 1876 ad
1076 1825 1090 1852 ¹
1105 1812 1189 1878 hanc
1203 1833 1277 1900 par-

183 1901 230 1983 36
244 1910 321 1963 tem.
365 1901 453 1964 Nam
478 1913 512 1964 et
534 1912 688 1964 coeuntes
710 1899 823 1978 literae,
843 1921 917 1984 quae
942 1895 1102 1980 curaturos
1121 1895 1278 1980 dicitur2,

176 2057 180 2062 ,
242 1984 339 2048 etiam
355 1985 531 2051 leniorem²
546 1985 669 2050 faciunt
682 1983 872 2064 orationem,
886 2005 984 2070 quam
1000 1981 1020 2046 fi
1036 1983 1166 2052 omniab
1181 1985 1279 2050 verba

241 2069 298 2135 suo
313 2069 375 2134 fine
390 2071 582 2150 eludantur;
607 2084 641 2134 et
656 2091 897 2156 nonnumquam
912 2067 1022 2133 hiulca
1036 2069 1131 2153 etiam
1147 2067 1276 2149 decent,

242 2154 428 2242 faciuntque
448 2157 604 2243 ampliora
625 2155 797 2241 quaedam:
829 2169 879 2234 ut,
901 2153 1035 2218 Pulchra
1057 2154 1187 2221 oratione
1208 2163 1278 2220 ullu

223 2243 357 2321 ,omnino
369 2256 380 2284 ⁶
393 2244 541 2328 jactare:
574 2244 672 2306 turnd
695 2239 804 2328 longae
828 2263 885 2328 per
906 2240 950 2319 se,
972 2253 1006 2306 et
1026 2239 1115 2304 velut
1135 2240 1253 2329 opimae
1265 2251 1279 2279 ⁹

242 2326 370 2413 syllabae
383 2327 506 2416 aliquid
522 2328 618 2391 ctiam
637 2325 734 2390 medii
747 2331 757 2370 s
773 2325 927 2413 temporis
943 2325 1025 2390 inter
1040 2323 1176 2413 vocales,
1191 2328 1278 2414 quast

185 2429 229 2498 37
244 2412 478 2491 intersistaturss,
505 2411 674 2476 assumunt.
720 2413 795 2478 Qua
819 2411 860 2476 de
881 2433 915 2476 re
936 2423 1007 2476 utar
1029 2411 1195 2481 Ciceronis
1216 2435 1278 2500 po-

243 2498 393 2562 tissimum
411 2499 526 2579 verbis,
544 2499 656 2576 Habet,
673 2491 856 2582 inquit‚ille
871 2509 1022 2594 tamquam
1037 2497 1138 2560 hiatus
1159 2509 1187 2569 et
1209 2522 1277 2576 cqu-

221 2587 228 2600 '
242 2586 343 2667 cursus
357 2584 506 2650 vocalium
522 2583 608 2648 molle
622 2583 780 2670 quiddam,
796 2595 824 2645 et
838 2583 919 2670 quod
931 2582 1038 2645 indicet
1051 2607 1108 2646 non
1123 2582 1279 2668 ingratam

241 2695 301 2756 neg
319 2670 324 2682 '
347 2671 457 2734 entiam
471 2671 508 2734 dc
522 2695 554 2734 re
575 2669 699 2732 bominis
721 2667 831 2754 magis,
847 2691 936 2756 quant
955 2669 991 2732 de
1005 2665 1116 2746 verbis,
1132 2667 1278 2742 loboran-

241 2757 293 2818 tis.
351 2768 474 2820 eterum
487 2755 695 2819 consonantes
709 2775 853 2840 quoque,
868 2753 1003 2842 eaequeh
1018 2751 1187 2840 praecipue,
1203 2777 1278 2842 quae

240 2842 316 2906 sunt
341 2841 522 2928 asperiores,
540 2842 574 2904 in
602 2835 803 2906 commissura
817 2839 995 2906 'verborum
1019 2837 1175 2922 rixantur,
1196 2853 1230 2906 et
1255 2841 1280 2906 S

229 3020 234 3052 ἶ
275 3033 287 3058 ¹¹
306 3028 418 3076 maximo
428 3028 462 3076 id.
538 3035 550 3058 ⁰
569 3027 662 3088 planior
673 3027 704 3076 G.
714 3027 777 3076 Jens.
790 3037 811 3074 et
816 3027 879 3089 plur.
890 3039 927 3092 up·
939 3029 998 3080 Bur.
1009 3027 1156 3094 quodprobo:
1171 3027 1222 3078 vid.
1234 3039 1279 3078 nur.

219 3099 254 3136 ,Ρ
271 3093 356 3142 Nimia
366 3095 429 3143 lens.
511 3093 588 3142 ‘talia
599 3093 630 3139 id.
713 3093 881 3156 ‘proindeid
963 3105 1015 3142 tat
1026 3095 1058 3140 G.
1146 3099 1202 3142 tau
1213 3095 1279 3142 lens.

243 3165 255 3188 ¹¹
276 3160 443 3221 praecipueque
454 3157 486 3206 id.
565 3167 578 3193 Χ
596 3158 622 3204 in
634 3157 665 3205 G.
676 3158 740 3207 lens.
821 3164 832 3190 ¹
851 3157 965 3210 dicuntur
976 3171 1000 3206 et
1011 3158 1052 3212 iul.
1134 3165 1145 3194 ⁸
1162 3158 1280 3212 leuiorem

239 3224 305 3270 lens.
372 3222 443 3270 lem.
455 3223 486 3270 id.
561 3224 667 3270 ‘orario
678 3223 710 3270 G.
783 3221 958 3279 “tuumlens
1031 3223 1278 3284 ‘optimacshletrs

242 3285 253 3318 t
271 3289 357 3336 mediis
368 3289 517 3350 temporibus
528 3286 569 3334 lid.
635 3295 646 3324 ⁸
665 3288 782 3340 insistatur
793 3288 823 3340 G,
890 3289 902 3320 ¹¹
921 3306 962 3349 nn.
974 3287 1037 3350 lens.
1048 3302 1132 3348 earum
1143 3289 1175 3354 G,

281 3465 323 3514 34.
342 3467 409 3502 cavo
428 3461 474 3504 aut
487 3451 573 3520 patulo
588 3451 642 3516 ore]
663 3453 736 3502 Cava
785 3463 834 3513 cet,
845 3451 913 3520 quod
925 3453 948 3512 Ε
961 3467 1019 3514 crim
1032 3451 1061 3502 A
1073 3461 1216 3520 comparata
1224 3450 1278 3523 ple-

242 3523 267 3571 0
280 3534 303 3572 et
316 3523 350 3581 V,
357 3521 444 3588 patulo
455 3521 493 3572 A.
525 3522 600 3594 Qud
613 3521 735 3572 deindeE
785 3519 1177 3582 niundici,s1aureshabeo,nun
1190 3521 1277 3590 potest.

236 3590 334 3657 plenior
344 3591 417 3642 litera
427 3601 541 3652 vocatur,
554 3607 637 3642 vereor
654 3607 684 3641 ne
701 3590 737 3640 se·
824 3593 866 3656 3⁶·
888 3591 935 3660 sno
945 3591 1000 3660 fine
1018 3587 1162 3658 cluduntur]
1187 3591 1212 3646 Si
1230 3579 1279 3648 lox

217 3693 220 3704 ·
241 3661 326 3712 curius
338 3660 415 3730 Regii
426 3661 590 3725 conjesluram
603 3660 679 3712 secuti
692 3659 737 3710 smt
786 3659 813 3710 in
828 3661 938 3720 vocalem
948 3659 1192 3730 'exiensexcipiatur
1206 3661 1238 3711 ab
1251 3677 1279 3712 a-

122 3773 126 3781 .
217 3730 404 3782 *virieruditi
436 3727 505 3781 Mihi
523 3729 649 3781 retinenda
667 3729 736 3780 vide·
786 3729 830 3788 lia,
842 3747 900 3800 qua
918 3740 944 3781 et
961 3729 1013 3804 ipsa
1028 3746 1044 3780 a
1059 3727 1141 3784 vocali
1155 3728 1278 3800 incipiat,

205 3845 209 3857 ,
240 3810 284 3850 tur
295 3801 399 3868 antiqua
411 3798 642 3867 leslio,Eplnnior
657 3798 689 3869 cll
705 3797 736 3864 li·
786 3800 853 3868 prior
876 3797 919 3868 illa
941 3797 1066 3851 interdum
1092 3813 1143 3850 non
1165 3798 1208 3850 suo
1230 3800 1280 3852 fine

240 3878 307 3930 tera,
320 3869 347 3921 h.
360 3889 383 3921 e.
405 3865 506 3920 facilius
521 3869 604 3930 media
620 3879 736 3950 apertura
786 3867 921 3930 clauditur,
933 3868 973 3919 sed
987 3866 1041 3925 'coit
1058 3879 1083 3921 et
1095 3865 1207 3920 coalescit
1219 3887 1279 3922 cum

239 3940 291 3991 oris
303 3940 397 4000 exiens,
409 3955 453 3990 nee
465 3937 594 4007 pandendo
606 3938 642 3992 illr
654 3950 683 3995 ut
696 3940 734 3998 A,
785 3938 913 4006 sequente:
942 3937 995 3990 haee
1016 3938 1082 3990 enim
1101 3936 1135 3990 est
1154 3943 1279 3999 συνιλοιφὲ,

239 4024 321 4078 neque
331 4007 499 4061 contrahendo
516 4021 545 4060 ut
562 4011 586 4060 Ο
598 4007 636 4070 rel
648 4010 672 4058 V
683 4009 736 4059 eim
785 4025 843 4077 quae
853 4025 901 4060 vox
914 4025 928 4060 a
945 4009 1082 4078 pigmentis
1099 4007 1164 4059 iuter
1175 4005 1197 4057 se
1209 4023 1279 4060 com-

197 4115 199 4118 *
239 4077 310 4146 qussi
323 4077 446 4130 adserens.
477 4077 576 4143 Lenior,
586 4077 655 4146 quod
674 4077 736 4129 Rol-
785 4078 873 4130 mixtis
900 4089 925 4130 et
953 4078 1102 4130 coeuntibus
1131 4075 1221 4138 trallis,
1247 4076 1280 4128 ad

239 4145 293 4199 lino
303 4148 410 4220 placuit,
421 4164 470 4199 non
481 4147 635 4210 damnarem,
646 4147 663 4198 sr
677 4146 736 4198 libri
785 4147 849 4199 hauc
859 4147 1017 4220 disciplinam
1026 4143 1155 4202 commode
1165 4145 1280 4201 translata

240 4227 293 4270 tam
304 4216 402 4297 plenior
412 4218 541 4278 haberent,
553 4233 629 4286 quam
643 4217 737 4269 habent
785 4219 827 4270 est.

234 4286 346 4357 plantor,
371 4285 470 4342 Plenior
485 4288 524 4341 vel
542 4287 599 4340 ideo
617 4304 667 4340 non
682 4286 735 4358 pla·
824 4305 866 4352 37.
885 4286 1019 4354 Ciceronis]
1039 4288 1111 4342 Orat.
1124 4303 1149 4339 c.
1164 4303 1207 4354 ις.

797 4376 861 4440 1<4
