3020 4918
264 437 322 502 ιφ
514 421 560 480 M.
582 414 702 477 FABII
724 407 1069 478 QUINCTILIANI

261 607 327 665 eoa,
343 582 399 672 qui
421 579 572 646 excidunt
584 591 610 660 Υ,
630 579 756 646 sensus:
781 603 928 659 ancoram,
954 581 1116 668 (utsupra
1182 581 1240 664 sui)
1269 571 1289 648 si

259 671 300 736 de
315 689 394 733 nave
408 665 577 730 dicendum
595 668 669 730 esset
683 693 691 732 z
705 667 867 754 spiculum,
882 667 901 729 fi
917 665 957 730 de
976 667 1096 752 praeli0.
1183 669 1287 734 ultum
1300 675 1346 742 30

260 756 345 820 enim
362 751 448 840 tigna
461 751 595 832 faciunt,
611 766 698 834 etex
720 751 783 814 alia
801 751 954 815 memoria
976 753 1062 816 venit
1075 753 1147 832 alia,
1163 766 1200 817 ut
1214 776 1289 817 cum

258 839 424 904 transsatus
437 837 572 902 annulus
587 837 637 899 vel
653 837 803 924 alligatus
818 849 1020 901 commoneat
1034 859 1103 918 nos,
1119 860 1177 902 cur
1188 849 1202 877 ²
1221 837 1253 901 id
1267 851 1287 916 's

258 925 440 989 fecerimus.
485 923 566 986 Haec
589 921 693 1008 magis
715 921 818 988 adhuc
840 921 1049 1008 adstringunt,
1070 945 1141 1008 quae
1165 945 1289 986 memo·

258 1011 336 1074 riam
352 1007 392 1071 ab
407 1008 515 1094 aliquo
531 1007 621 1070 simili
636 1007 827 1088 transferunt
840 1006 880 1070 ad
896 1005 941 1082 id,
957 1006 1044 1094 qood
1058 1007 1289 1072 continendum
1380 1083 1383 1088 .

258 1093 321 1159 esst
344 1105 381 1157 ut
396 1093 428 1156 in
444 1091 675 1170 nominibu5,fi
699 1091 810 1155 Fabius
831 1089 913 1154 sorte
932 1094 968 1155 fit
988 1093 1156 1173 tenendus,
1171 1092 1288 1157 refera-

257 1199 330 1243 mus
353 1179 392 1241 ad
415 1177 505 1240 iilum
533 1179 744 1252 (lantramno,
760 1177 816 1262 qui
840 1177 985 1240 excidere
1006 1201 1070 1240 non
1090 1179 1212 1266 potest:
1235 1186 1340 1252 aut31

258 1261 298 1328 ad
311 1261 449 1350 aliquem
465 1263 615 1342 amicum,
631 1262 687 1348 qui
710 1261 796 1324 idem
815 1273 967 1325 vocetur:
991 1261 1079 1348 quod
1101 1265 1143 1327 est
1165 1263 1290 1328 facilius

258 1351 292 1414 in
307 1350 410 1435 Apris,
425 1359 486 1430 etss
506 1348 600 1432 Urfis,
615 1360 649 1410 et
663 1347 792 1432 Nasone,
807 1358 862 1408 aut
886 1345 997 1434 Crispo,
1014 1361 1051 1410 ut
1072 1349 1104 1411 id
1127 1349 1289 1412 memoriae

258 1434 307 1498 affi
334 1447 415 1510 atur,
441 1433 623 1496 unde'sunt
649 1430 789 1495 nomina.
834 1431 938 1516 Origo
962 1455 1089 1518 quoque
1116 1431 1289 1520 aliquando

258 1459 488 1584 decimatorem
515 1515 643 1580 tenendi
670 1517 797 1604 magisa
819 1517 920 1579 caussa
943 1517 997 1595 est,
1022 1518 1112 1580 utin
1140 1520 1286 1597 Cicerone,

262 1605 372 1681 Verrio¹
396 1603 534 1682 Aur-elio,
560 1601 578 1664 fi
601 1601 748 1665 'debentb
774 1600 876 1664 inseri.
923 1601 1007 1665 iliud
1035 1604 1193 1668 neminem
1222 1608 1343 1676 ηοηὸα

251 1687 390 1776 jurabit,
410 1687 531 1762 iisdem,
552 1687 672 1774 quibus
693 1685 854 1773 scripserit,
877 1687 957 1750 ceris
979 1687 1127 1752 ediscere.
1171 1691 1286 1774 Sequi·

257 1787 333 1840 ων
350 1773 460 1838 enimd
483 1772 620 1858 vestigiis
634 1772 820 1858 quibusdam
838 1773 1037 1851 memoriam,
1052 1787 1085 1837 et
1105 1774 1194 1838 velut
1207 1797 1287 1840 ocu·

255 1860 295 1924 sis
318 1859 480 1922 intueture
505 1879 567 1920 non
592 1879 629 1944 pa
656 1857 723 1921 'nas
744 1857 853 1936 mod0,
873 1856 925 1920 sed
949 1859 1052 1921 versus
1077 1881 1172 1944 prope
1193 1859 1286 1946 ipsos,
1330 1879 1336 1886 ·

256 1943 333 2032 quit
357 1957 426 2008 tum
450 1943 541 2023 dicit,
566 1943 630 2005 fimi
645 1943 671 2006 is
697 1943 831 2030 legenti.
875 1943 948 2005 Jam
972 1965 1047 2006 vero
1069 1943 1089 2005 fi
1112 1943 1209 2008 litura
1232 1938 1288 2009 aot

252 2029 391 2117 adJesiio
411 2027 520 2116 aliqua
539 2041 595 2092 aut
617 2029 755 2092 mutatio
776 2027 976 2106 interveniat,
996 2029 1082 2116 figna
1102 2030 1175 2092 sunt
1195 2052 1285 2114 quae·

257 2117 345 2193 dam,
361 2137 433 2214 quae
449 2113 608 2178 intuentes
622 2113 764 2178 deerrare
777 2127 791 2166 t
805 2133 868 2176 non
925 2113 1054 2176 isumus.
1099 2113 1177 2178 Esth
1194 2115 1285 2196 ratio,
1297 2119 1342 2188 33

256 2207 313 2265 nt*
331 2200 378 2263 ilh
391 2199 417 2279 ²,
433 2199 473 2263 de
493 2219 557 2285 qua
576 2195 714 2283 primum
729 2197 857 2262 locutus
886 2221 952 2279 um,
968 2199 1025 2262 arti
1041 2221 1105 2262 non
1121 2197 1286 2278 dissimilia,

255 2288 302 2352 ita
326 2283 360 2370 (fi
385 2283 464 2372 quid
487 2305 540 2346 me
562 2282 778 2370 experimenta
799 2282 988 2366 docuerunt)
1006 2297 1038 2345 et
1059 2283 1236 2370 expeditior
1253 2299 1288 2348 et

255 2369 428 2459 potentior.
473 2367 637 2432 Ediscere¹
661 2367 769 2447 tacite,
792 2371 877 2448 (nam
900 2367 934 2430 id
956 2389 1085 2454 quoque
1107 2370 1149 2432 est
1171 2369 1284 2456 quaesr-

254 2455 324 2521 tom
339 2455 373 2538 ⁰¹)
398 2465 465 2517 erat
486 2452 657 2540 optimum,
673 2451 692 2514 fi
709 2471 778 2516 ‘non
800 2451 941 2516 subirent
954 2451 1043 2515 velut
1063 2452 1198 2518 otiosum
1215 2455 1285 2518 ani-

254 2554 346 2606 mum
369 2539 557 2626 plerumque
571 2535 641 2601 aliae
656 2537 879 2624 cogitationem
894 2547 1022 2624 propter
1044 2559 1122 2622 quas
1144 2539 1286 2604 excitan-

253 2622 316 2691 dos
330 2623 374 2690 est
389 2645 476 2702 voce,
492 2635 529 2688 ut
548 2622 669 2771 duplici
684 2636 775 2686 motu
787 2635 801 2664 ³
816 2621 948 2708 juvetur
964 2621 1128 2702 memoria,
1145 2623 1284 2706 dicendi,

253 2725 288 2776 et
309 2709 472 2774 audiendi.
517 2707 579 2773 Sed
617 2729 664 2770 aec
678 2728 739 2770 vox
754 2708 790 2771 fit
804 2706 942 2786 modica,
956 2719 990 2770 et
1011 2708 1115 2794 magis
1130 2731 1283 2774 murmur.

254 2796 325 2862 out
349 2809 457 2860 autern
480 2792 609 2880 legente
634 2792 697 2856 alio
719 2791 840 2872 ediscit,
860 2791 893 2854 in
919 2804 1008 2878 parte
1027 2791 1180 2876 tardatur,
1197 2795 1340 2881 quod34

252 2882 354 2946 aerior
368 2881 412 2945 est
425 2878 602 2955 oculorum,
618 2899 713 2964 quam
733 2876 858 2941 aurium
873 2876 999 2941 sensus:
1022 2877 1055 2940 in
1077 2889 1163 2963 parte
1178 2879 1284 2964 juvari

252 2967 364 3056 potest,
387 2962 487 3052 quod,
514 2984 588 3026 cum
613 2961 709 3027 semel
734 2976 790 3028 aut
810 2962 862 3026 bis
885 2961 1034 3044 audierit,
1058 2963 1211 3035 continuo
1233 2964 1283 3032 illi

285 3159 297 3192 r
316 3151 356 3198 Sic
366 3149 406 3196 oa
422 3148 563 3196 exciderunt
574 3147 606 3194 al.
718 3153 729 3179 ²
749 3162 808 3196 cum
820 3149 850 3195 G.
861 3148 925 3196 sens.
1035 3148 1125 3205 †haec
1136 3147 1167 3193 G.
1179 3148 1207 3193 iis
1217 3148 1281 3196 Jent.

251 3216 309 3277 {in
319 3215 358 3280 irff.
370 3215 401 3264 G.
412 3213 477 3260 Jens.
540 3221 550 3242 ¹
569 3225 651 3274 magas
661 3213 725 3260 Jens.
791 3213 801 3242 ὓ
820 3213 890 3260 debet
901 3215 932 3260 G.
943 3211 1006 3260 Jens.
1023 3211 1093 3260 debet
1104 3211 1195 3258 misceri
1207 3212 1281 3259 MSS.

235 3275 344 3348 'jusdam'
354 3287 391 3340 ap.
403 3276 482 3325 eura
494 3276 534 3341 qni
544 3279 597 3340 conj.
616 3277 660 3326 Sed
672 3279 745 3324 taedet
754 3277 791 3324 his
803 3277 925 3324 inhaerere.
1071 3281 1081 3304 ⁸
1100 3274 1229 3334 sequuntur
1239 3275 1281 3324 sid.

252 3341 432 3410 dininfisens.
498 3349 508 3370 ‘³
526 3342 650 3390 intuentur
661 3341 692 3388 G.
764 3339 844 3402 fquae
856 3341 888 3387 G.
897 3339 961 3388 Jens,
1035 3345 1045 3376 ⁸
1066 3338 1162 3386 SiceV.
1179 3339 1281 3390 C.Alm.

251 3403 459 3460 Buraerrareal.
533 3407 545 3436 ¹²
565 3405 692 3470 Hoeceory'.
706 3403 816 3454 Gallaeus.
836 3403 900 3451 Certe
911 3401 1075 3464 intelligendum
1087 3405 1148 3450 haec.
1222 3403 1229 3434 ἰ
1247 3407 1282 3453 est

253 3472 411 3522 moment.
496 3468 568 3516 ¹'illa
579 3469 611 3518 G.
708 3470 772 3516 ¹Sr'c
776 3469 827 3532 jam
837 3469 966 3530 distinxerat
979 3467 1089 3523 Gallorur,
1096 3467 1203 3528 potante
1212 3470 1280 3516 etiam

290 3555 332 3585 rm.
343 3537 383 3602 qai
395 3547 466 3582 tamen
477 3547 526 3581 eum
537 3535 577 3580 rel.
589 3535 650 3581 dedit
660 3536 788 3596 potentior,
799 3533 899 3582 ediscere
911 3535 991 3580 tacite.
1018 3533 1081 3578 Nam
1095 3531 1117 3580 id
1130 3548 1226 3594 quoque
1237 3537 1280 3591 est,

249 3606 316 3665 quod
328 3613 382 3648 tum
393 3611 452 3657 erat,
463 3601 584 3660 optimum
598 3597 647 3646 &a
753 3606 770 3627 ¹¹¹
790 3597 829 3643 Sir
840 3598 893 3660 cory'.
906 3599 973 3644 eriam
984 3599 1062 3642 Burm.
1074 3614 1102 3642 ex
1112 3597 1205 3659 vulgato
1215 3599 1282 3662 quod

250 3679 305 3720 tum
317 3669 359 3733 (G.
370 3665 445 3728 quod)
453 3674 495 3726 pro
506 3680 548 3732 quo
560 3665 586 3711 V.
601 3663 628 3714 C.
640 3662 700 3709 Alm.
712 3662 776 3723 quod
787 3661 868 3711 situm.
931 3663 1035 3720 ulmodo
1047 3663 1079 3708 G.

250 3829 336 3886 moad
353 3844 448 3897 aurem,
462 3837 514 3878 tum
527 3825 557 3878 ad
607 3823 680 3878 imum
698 3819 742 3876 esse
791 3822 885 3893 legum,
898 3835 921 3876 et
934 3825 995 3893 quid
1007 3841 1053 3876 non
1066 3831 1075 3874 ἓ
1093 3823 1280 3893 complaisant

251 3893 367 3961 rismum,
389 3897 487 3950 tandem
513 3913 554 3964 per
586 3914 598 3946 e
626 3891 741 3964 positum,
791 3894 874 3964 Bono,
904 3893 1140 3954 Winckelmannus,
1170 3895 1223 3956 alii,
1248 3896 1280 3948 de

250 3975 322 4024 nemo
333 3968 396 4024 forte
408 3966 543 4034 negaverit.
790 3963 883 4030 quibos
906 3962 1018 4014 Morbos.
1042 3962 1133 4032 Polyh.
1160 3983 1183 4024 1,
1204 3981 1229 4026 2,
1252 3968 1280 4026 6,

145 4097 148 4103 ,
290 4029 648 4106 31,id-urrdestrntnomina]
662 4033 741 4086 Hoce
789 4032 884 4099 48tsq.
1192 4037 1194 4040 '
1306 4051 1308 4058 ·

250 4107 318 4162 sonte
329 4105 413 4160 hausta
424 4104 450 4156 h.
458 4121 481 4155 e.
492 4121 506 4154 a
516 4103 685 4222 qualieunpue
696 4118 740 4152 no·
828 4119 868 4164 3¹·
880 4100 907 4168 fi
920 4099 1004 4152 debent
1018 4101 1102 4222 apert]
1123 4102 1148 4154 Si
1160 4101 1192 4154 est
1204 4118 1219 4154 a
1230 4103 1251 4154 F
1252 4119 1280 4154 a·

249 4175 345 4232 minum
358 4173 525 4226 convenientia
534 4173 635 4241 petitae
664 4171 741 4236 major
789 4170 832 4222 bio
843 4171 894 4222 haec
908 4169 1024 4232 clausula,
1045 4170 1194 4239 rgnisicat2s1
1211 4188 1280 4222 men.

268 4239 741 4308 irsmnemonicorunilibellorumqui-
789 4239 826 4290 tio
845 4239 957 4306 facienda
977 4240 1066 4303 horum
1085 4241 1224 4304 hominum,
1237 4240 1280 4295 Gi.

249 4265 298 4374 ius
306 4307 587 4374 historiammrdinemet
595 4320 742 4383 argumenta
788 4308 888 4374 aronis,
900 4307 981 4366 Verrii
992 4311 1040 4366 &c-
