3008 4914
388 371 1041 482 rusrrrsonlsrou.mumulo.
1170 433 1231 501 su

146 581 526 664 docereris-sitentium
543 584 887 672 suo=gmere1ptenum
914 584 998 659 sti·
1027 581 1237 650 Mediuetbie

203 670 352 752 mortuas,
363 683 401 735 et
419 670 674 736 tmdllutionibus
692 672 842 752 crebrior,
857 685 890 735 et
904 670 1014 758 liguris
1038 671 1098 734 erit
1114 669 1237 758 jucun-

203 755 284 834 dior,
299 756 528 842 egressionibus
535 773 688 819 smoenue
696 767 729 836 Ψ,
743 757 971 842 compositione
989 769 1095 843 aptus,
1111 757 1237 820 sentem

203 841 386 920 mediteris,
401 839 504 905 lenior
517 853 645 920 ¹tamen,
662 853 737 904 ur*
754 842 856 904 amnis
878 841 1004 904 lucidus
1042 841 1150 906 uidam
1162 853 1188 920 θ,
1203 854 1238 905 et

149 925 189 988 61
205 926 382 990 virentibus
402 927 569 1010 utrimque
589 925 670 989 silvis
689 927 900 992 inumbratur.
944 917 990 990 dit
1010 865 1083 1013 lll‘b.
1092 925 1149 1013 qui
1168 928 1238 990 saxa

205 1011 363 1089 devolvet,
377 1025 412 1075 et
428 1010 742 1097 pontem'indignetnr,
758 1023 793 1074 et
810 1012 894 1096 ripas
916 1009 971 1074 libi
992 1009 1099 1091 saciat,
1116 1011 1248 1083 multus,

204 1110 239 1160 et
260 1111 382 1160 torrens
397 1094 556 1194 judicem,
571 1095 622 1159 vel
644 1095 801 1160 nitentem
824 1108 945 1173 contra,
970 1093 1063 1175 feret,
1077 1104 1238 1194 cogetque

204 1181 328 1266 ireque
341 1193 434 1267 rapti.
457 1181 523 1246 Hic
538 1192 643 1245 orutot
654 1194 686 1244 et
698 1181 868 1248 defundlos
883 1179 1049 1258 excitabit,
1062 1194 1099 1244 ut
1106 1183 1240 1268 Appenni

208 1267 349 1336 Caesurn:
373 1266 456 1353 apud
471 1266 561 1330 huno
575 1278 607 1330 et
627 1266 728 1351 patria
748 1266 810 1350 ipsa
828 1265 1035 1345 exclamabit,
1051 1265 1240 1352 aliquando·

206 1362 291 1437 quep
311 1351 485 1439 Ciceronem,
499 1352 531 1414 in
545 1349 690 1414 oratione
710 1363 811 1414 contra
829 1351 993 1415 Catilinam
1008 1350 1040 1414 in
1056 1352 1180 1430 senum
1191 1350 1238 1415 al·

151 1435 193 1501 62
207 1437 366 1522 loquetur.
410 1437 478 1507 Hiq
490 1449 523 1500 et
537 1435 839 1523 amplificationibus
854 1435 986 1500 extollet
1003 1436 1192 1514 orationem,
1207 1448 1241 1500 et

206 1520 264 1586 vis
290 1521 537 1608 superlationem
561 1545 611 1607 qu
656 1542 696 1606 ue
722 1521 844 1608 eriget:
882 1522 958 1586 Quae
986 1521 1152 1607 Charybdis
1178 1534 1241 1586 tam

206 1610 335 1671 vorax?
356 1607 400 1686 et,
427 1608 559 1672 Oceanus
585 1544 697 1670 milies
711 1607 812 1694 fidius
836 1608 905 1706 ipfif.
949 1608 1037 1674 Nota
1058 1607 1130 1670 sunt
1153 1608 1240 1670 enim

201 1715 269 1780 jam
286 1691 508 1756 studiosis-hero
525 1691 659 1755 lumina.
704 1691 769 1755 Hic
786 1692 863 1756 deos
885 1717 893 1755 1
916 1689 965 1756 sos
985 1692 1019 1756 in
1041 1691 1242 1776 congressum

207 1797 307 1864 prope
330 1778 420 1840 suum
444 1778 684 1862 sermonemque
706 1776 855 1856 deducet,
876 1714 930 1842 tls
955 1778 1031 1840 enim
1050 1777 1167 1841 Albani
1189 1789 1240 1840 tu-

208 1863 283 1926 muli
301 1873 392 1948 atque
410 1861 493 1925 luci-t
516 1882 580 1939 vor,
597 1862 731 1948 inquam,
747 1863 937 1926 Albanorum
959 1862 1073 1926 obruta
1093 1884 1169 1942 arce,
1182 1864 1241 1950 so-

154 1946 194 2028 63
209 1946 438 2093 crorssmpopnli
453 1945 579 2009 Romani
583 1948 677 2031 sociae
689 1959 717 2009 es
730 1947 872 2034 aequales.
918 1947 982 2011 Hic
996 1945 1087 2026 iram,
1104 1947 1158 2010 hic
1176 1947 1240 2011 mi·

209 2031 323 2094 sericor
347 2028 409 2094 iarn
428 2031 601 2118 inspirabit,
617 2032 671 2094 hic
683 2030 781 2110 dicet,
797 2031 839 2096 Te
853 2032 934 2095 vidit
946 2045 969 2110 ¹,
984 2032 1126 2118 assedit,
1142 2044 1170 2095 et
1184 2049 1240 2122 apa

205 2115 349 2202 pelsodis,
365 2129 399 2198 et
422 2139 476 2204 per
498 2137 611 2180 omnes
636 2117 766 2181 assellus
792 2116 978 2186 traclaturf.
1023 2117 1110 2180 Hine
1133 2117 1242 2203 itaque

210 2201 291 2265 illut:¹
303 2202 454 2288 sequitur,
469 2225 521 2265 nec
540 2201 652 2266 doceri²
676 2203 862 2286 defiderobs‘t.
907 2203 1015 2268 Quare
1035 2201 1054 2264 s1
1076 2223 1117 2265 err
1140 2203 1243 2266 tribue

210 2286 262 2350 his
308 2286 457 2351 oneribus
471 2287 640 2351 necessario
656 2287 691 2350 sn
710 2287 897 2374 eligendum
921 2307 1035 2366 uuum,
1052 2287 1124 2372 quis
1146 2287 1242 2352 dubi·

210 2385 258 2437 tet
283 2310 368 2437 fine*¹
392 2371 538 2458 praeserre
563 2373 724 2454 omnibus,
747 2387 781 2437 et
803 2373 1025 2437 validissimum
1050 2371 1183 2461 alioqui,
1209 2381 1243 2438 et

242 2597 310 2649 ¹nrm
321 2601 352 2648 G.
363 2601 426 2649 Jens.
508 2600 625 2648 ¹0m.iid.
702 2607 719 2630 Μ
740 2602 917 2650 amoenislens.
999 2611 1053 2650 ¹²et
1064 2602 1095 2650 id.
1179 2603 1243 2654 ⁰0st

211 2665 251 2728 ins.
265 2665 296 2710 id.
364 2671 376 2704 P
391 2666 430 2712 Sic
442 2667 472 2712 G.
481 2667 503 2713 J.
514 2665 566 2728 Asc.
581 2665 683 2728 1519‚,f.
697 2667 769 2727 Lugd.
785 2667 854 2727 1528,
867 2668 890 2713 8.
902 2663 965 2730 Buff.
976 2677 998 2713 et
1008 2667 1040 2712 al.
1052 2677 1098 2713 sum
1109 2665 1181 2715 MSS.
1194 2680 1242 2716 tum

212 2729 261 2776 edd.
281 2739 319 2790 ap.
338 2730 418 2776 Burni.
438 2731 594 2790 aliquemque,
611 2740 639 2777 ut
658 2731 803 2778 Ciceronem
821 2729 875 2778 Obr.
901 2730 1054 2792 aliquemque
1070 2742 1099 2779 ut
1117 2734 1180 2793 apud
1202 2735 1242 2783 rel.

213 2799 223 2831 l
244 2794 270 2839 in
281 2793 464 2854 superlationem
476 2795 537 2840 editt.
547 2794 608 2855 plur.
706 2803 715 2828 τ
732 2795 806 2852 videt,
818 2793 948 2855 appellavit
958 2805 982 2840 et
991 2796 1058 2843 flevit
1068 2797 1098 2842 G.
1114 2808 1138 2842 er
1147 2796 1206 2861 ⁴Voffi
1218 2813 1242 2848 2.
1272 2837 1273 2844 ,

213 2863 223 2892 ⁸
241 2859 334 2904 auditor
347 2859 396 2904 huc
413 2869 484 2919 atque
501 2859 558 2906 illuc
574 2860 691 2920 sequetur,
703 2873 749 2906 nec
760 2861 839 2906 doceri
849 2859 988 2906 desiderabit
1001 2859 1055 2907 Obr.
1083 2861 1172 2921 Optime
1178 2863 1206 2923 fl
1215 2881 1242 2910 ese

212 2921 282 2968 MSS.
294 2923 406 2970 tradimus
413 2922 488 2980 judex
499 2924 549 2970 huc
560 2925 605 2978 dre.
618 2923 672 2985 sssp'.
684 2923 763 2972 Burm.
871 2927 880 2960 t
896 2925 979 2972 decere
990 2925 1021 2973 G.
1032 2927 1109 2973 doceri
1121 2926 1184 2974 lens.
1201 2927 1244 2975 do-

212 2999 265 3034 cere
276 2987 316 3034 rel.
381 2995 393 3018 ³¹
413 2990 479 3034 hunc
491 2988 521 3037 G.
833 3019 838 3026 -

252 3201 294 3251 59.
316 3183 365 3254 Μ
384 3181 572 3252 quod-plenum
588 3182 633 3251 fit]
662 3184 704 3248 Ita
751 3181 914 3236 tedecssrrens
924 3179 1085 3236 velutamnis
1096 3186 1147 3238 &e
1178 3189 1242 3242 Pon·

214 3253 337 3321 intelligo.
364 3245 459 3304 Subtile
478 3253 539 3303 illud
557 3269 634 3320 genus
654 3271 704 3304 non
751 3263 800 3303 tem
816 3251 957 3320 indignatus
978 3265 1007 3304 ut
1027 3252 1068 3305 ille
1088 3255 1242 3326 Virgilianos

215 3334 312 3374 rantum
325 3334 407 3392 partes
424 3322 542 3374 orationis
553 3323 635 3382 decet,
647 3339 703 3374 nar-
753 3321 853 3375 Araxes
874 3324 940 3376 AEn.
966 3327 992 3384 8,
1012 3327 1073 3387 728.
1104 3327 1242 3392 Nimirum,

215 3393 344 3452 rationem,
355 3393 588 3461 probationemque:
609 3393 646 3444 sed
665 3403 704 3444 to·
752 3403 876 3460 praecepta
886 3403 911 3444 et
922 3393 962 3444 hic
976 3392 1030 3444 sunt
1041 3392 1111 3445 fimul
1121 3397 1242 3467 exempla.

215 3472 254 3512 tas
274 3462 349 3512 etiam
369 3462 500 3523 orationes,
512 3479 568 3528 quae
586 3463 704 3532 probabi·
750 3461 812 3520 Huc
830 3463 950 3532 pertinent
967 3463 1052 3524 etiam,
1064 3482 1121 3531 quae
1137 3465 1243 3534 sequun-

216 3531 261 3590 les‚
276 3547 321 3600 pro
338 3531 448 3592 materiae
465 3531 582 3582 nimirum
601 3532 704 3595 ratione,
754 3541 805 3590 tur,
823 3530 912 3598 Appius
927 3530 1048 3583 excitatus
1063 3550 1108 3602 pro
1122 3535 1204 3587 Coelio
1216 3555 1241 3589 c.

215 3599 259 3652 elle
277 3599 382 3670 possunt,
393 3601 468 3652 etiam
484 3597 602 3666 detrudis
612 3599 706 3653 caeteris
756 3615 799 3660 14.
819 3599 911 3652 Patria
919 3600 1043 3652 exclamat
1054 3603 1079 3652 in
1089 3602 1169 3656 Catil.
1181 3623 1207 3666 1,
1215 3624 1241 3670 7.

215 3669 362 3732 virtutibus,
373 3670 400 3722 h.
412 3689 436 3720 e.
456 3671 530 3720 etiam
550 3669 565 3720 sr
584 3669 647 3721 nihil
663 3687 705 3721 ne·
754 3667 891 3722 Ciceronem
907 3679 990 3720 autem
1000 3669 1131 3738 alloquitur
1141 3673 1204 3724 ibid.
1217 3691 1242 3732 t,

236 3757 265 3790 ue
282 3739 398 3794 floridum
415 3739 566 3798 habeantne
586 3757 706 3808 uegran-
758 3756 800 3798 11,
825 3736 943 3802 musti
951 3738 1012 3808 quid
1020 3739 1075 3806 agis
1087 3741 1135 3792 &e
1186 3759 1242 3798 uem
1283 3777 1285 3782 ,

217 3757 264 3859 de:
279 3808 377 3876 plenum
392 3810 471 3878 igitur
487 3808 519 3860 est
538 3757 658 3862 sufficiens
676 3826 705 3860 ac
755 3805 837 3857 locum
859 3825 917 3858 eum
946 3825 995 3860 non
1024 3809 1182 3863 animadvers·
1203 3825 1244 3866 ent

218 3877 303 3945 perse
323 3878 427 3948 implens
444 3879 589 3940 orationem,
608 3889 637 3929 ut
656 3877 706 3929 alio
754 3877 857 3944 quidam
868 3877 985 3940 editores,
993 3879 1154 3932 mutationem
1167 3893 1243 3936 teme·

219 3963 305 4014 genere
315 3967 379 4017 opus
390 3965 438 3999 non
450 3947 487 3998 stt.
753 3962 779 3996 re
814 3945 963 3998 induxerunt
997 3946 1069 4016 supra
1096 3949 1241 4006 indicatam,
1284 3939 1290 3950 Α

255 4019 298 4065 61.
320 4019 392 4086 saxa
412 4016 548 4080 devolvat]
578 4017 644 4067 Cum
667 4033 704 4068 re·
754 4015 820 4066 Nam
838 4014 895 4066 libri
914 4015 1010 4084 antiqui
1029 4027 1081 4068 tum
1099 4036 1243 4074 manuexa»

219 4083 310 4152 spedu,
322 4087 388 4154 quod
410 4087 490 4143 visum
505 4087 662 4146 ,Burmannq
674 4085 706 4137 ad
753 4085 801 4136 rati
820 4096 875 4136 tum
894 4083 982 4140 formis
1002 4084 1061 4147 cusi,
1073 4089 1140 4155 quod
1158 4089 1242 4156 seiam,

218 4153 260 4204 illa
280 4155 378 4207 Horatii
395 4153 446 4207 0d.
464 4173 491 4218 4,
506 4174 530 4214 z,
545 4173 588 4214 rt,
604 4155 634 4206 de
646 4155 706 4206 Pin·
749 4171 836 4218 ¹omnes
847 4154 973 4208 nobiscum
984 4153 1091 4219 faciunt.

217 4223 286 4281 dero,
299 4225 348 4275 Per
363 4226 469 4276 audaces
485 4243 555 4276 novo
571 4221 706 4295 dithyram-¹
790 4227 833 4282 62,
853 4227 915 4292 Qeae
926 4223 1071 4294 Charybdis]
1082 4227 1201 4301 Philipp.
1217 4252 1243 4295 τ,

215 4292 256 4346 bos
273 4292 353 4346 Verba
363 4293 488 4347 devolvit.
519 4297 622 4348 Dixerat
635 4295 707 4346 Μυη-
757 4311 801 4358 27.
815 4295 859 4349 Vos
868 4294 933 4346 enim
945 4293 1033 4348 Albani
1045 4312 1089 4366 pro
1100 4298 1243 4366 Milon.3r.
