3008 4914
447 419 615 510 tns'rrr.
636 395 837 506 oneror.
858 443 942 506 mn.
963 445 1034 506 rur.
1058 464 1105 508 10.
1230 461 1288 525 ³41

255 609 317 689 cie,
333 631 407 698 qnae
429 605 465 676 stt
487 612 628 678 concessa
648 609 845 690 hominibus,
860 609 1040 677 abhorrere.
1085 607 1175 678 Quid
1189 609 1294 692 enirn,¹

254 693 438 782 inquiunt,
460 698 574 762 attinet
596 697 732 760 circuitu
753 717 803 762 res
825 695 998 776 ostendere,
1018 707 1051 765 et
1075 693 1287 760 transsationi·
1367 749 1369 756 .

254 777 327 859 bus,
344 781 376 846 id
389 785 395 822 1
418 783 472 861 est,
488 795 543 847 aut
558 781 701 868 pluribus
715 794 772 846 aut
786 776 898 846 alienis
913 780 1029 859 verbis,
1043 803 1118 846 oum
1140 779 1194 844 sua
1215 779 1286 846 cui·

198 879 241 948 42
254 887 318 951 que
332 867 390 932 srnt
404 867 555 953 affignata
568 867 699 931 nomina
713 869 722 929 ἒ
740 865 890 952 Denique
905 866 1152 952 antiquissimum
1169 888 1286 952 quem-

254 973 317 1036 que
334 951 471 1016 maxime
491 953 664 1018 secundnm
687 964 829 1016 naturam
852 947 959 1014 dixisse
982 949 1192 1030 contendunt,
1209 971 1287 1019 mox

252 1035 356 1120 poetis
387 1037 550 1101 fimiliores
574 1035 719 1114 extitisse,
745 1033 864 1100 etiamst
890 1035 1026 1120 parcius,
1057 1033 1148 1098 simili
1176 1049 1285 1100 tamen
1340 1037 1343 1042 ’

252 1121 374 1186 ratione
396 1120 471 1188 falsa
489 1135 522 1186 et
544 1121 718 1208 impropria
733 1119 885 1184 virtutes¹
911 1119 1076 1184 ducentes.
1122 1119 1226 1184 Quam
1249 1121 1286 1186 in

252 1203 462 1291 disputatione
485 1206 630 1271 nonnihil
656 1205 721 1270 veri
745 1205 800 1284 est,
825 1203 962 1303 ideoque
986 1226 1048 1268 non
1071 1217 1137 1268 tarn
1160 1207 1285 1290 procul,⁴

252 1313 348 1376 quam
377 1291 413 1355 fit
442 1314 461 1372 a
489 1291 689 1378 quibusdam,
718 1287 930 1354 recedendum
957 1289 1158 1376 aepropriis
1186 1303 1285 1377 atque

196 1395 237 1464 43
252 1376 489 1442 communibus
534 1377 568 1441 Si
590 1377 662 1464 quis
683 1389 789 1440 tamen
815 1379 864 1456 (ut
884 1375 941 1437 in⁰
959 1373 1032 1438 loco
1047 1373 1112 1438 dixi
1128 1377 1284 1461 compos·

250 1459 361 1542 tionis)
377 1461 417 1525 ad
437 1462 614 1542 necessaria,
631 1459 748 1547 quibus
764 1459 845 1523 nihil
867 1458 975 1524 minus
996 1461 1051 1538 est,
1067 1459 1187 1546 aliquid
1212 1482 1282 1526 mc-

249 1543 312 1610 lius
340 1546 501 1633 adjecerit,
529 1569 593 1610 non
623 1545 684 1612 erit
711 1545 772 1610 hac
802 1543 963 1610 calumnia
991 1544 1281 1630 reprehendendus.

249 1629 337 1696 Nam
352 1632 432 1696 mihi
454 1632 550 1696 aliam
564 1631 734 1717 quamdam
750 1627 875 1694 videtur
888 1629 1005 1694 habere
1021 1641 1164 1694 naturam
1181 1631 1282 1696 sermo

248 1715 401 1803 vulgaris,
416 1716 513 1780 aliam
535 1717 595 1780 viri
614 1715 797 1803 eloquentis
819 1715 942 1780 oratio:
966 1713 1021 1800 qui
1035 1717 1100 1795 ¹’,s1
1123 1737 1172 1780 res
1195 1716 1281 1780 indi-

250 1814 345 1865 careq
371 1801 468 1870 modo
497 1800 569 1864 satis
596 1800 681 1882 esset,
707 1799 788 1863 nihil
807 1799 891 1864 ultra
911 1799 1079 1863 verborum
1104 1800 1281 1888 proprieta-
1365 1809 1368 1816 ’

249 1897 315 1948 tern
332 1884 520 1948 elaboraret:
538 1885 589 1949 sed
605 1907 678 1949 cnm
696 1885 810 1951 debeat
823 1884 991 1963 deledlare,
1003 1907 1143 1964 movere,
1155 1885 1188 1949 in
1207 1886 1280 1974 plu.

248 1967 344 2032 rimas
359 1970 499 2034 animum
515 1970 673 2035 audientis
694 1970 712 2032 s
728 1969 811 2034 ecies
830 1967 1004 2056 impellere,
1020 1983 1128 2035 utetur
1141 1971 1180 2034 iis
1196 1994 1279 2059 quo«⁴

248 2075 311 2136 que
329 2054 505 2141 adjutoriis,
520 2079 591 2142 quae
606 2057 646 2119 ab
663 1993 773 2118 eadem
796 2053 867 2118 sunt
887 2054 979 2142 nobis
1001 2056 1141 2120 concessa
1156 2070 1280 2124 natura.

192 2160 237 2223 44
249 2139 335 2202 Nam
352 2155 385 2204 et
407 2140 541 2204 lacertos
560 2140 785 2204 exercitatione
806 2139 1029 2226 constringere,
1045 2153 1078 2204 et
1099 2163 1216 2227 augere
1231 2141 1280 2206 vi-

247 2245 308 2304 res,
324 2237 357 2288 et
378 2226 538 2290 coloremr
560 2225 696 2303 trahere,
712 2225 855 2289 naturale
875 2227 938 2288 est:
962 2224 1099 2312 ideoque
1115 2225 1149 2290 in
1170 2225 1279 2292 omni·
1315 2235 1325 2256 l

246 2309 308 2374 bus
326 2311 478 2397 gentibus
493 2312 574 2375 alius
589 2311 653 2375 alio
674 2309 843 2375 facundior
860 2310 1007 2389 habetur,
1023 2324 1056 2374 et
1078 2309 1279 2398 eloquendot

245 2393 348 2462 dulcis
364 2397 477 2484 magis.
523 2397 621 2462 Quod
637 2397 656 2460 sr
679 2419 743 2460 non
759 2395 918 2480 eveniret,
933 2416 1045 2459 omnes
1065 2417 1155 2482 pares
1170 2395 1280 2476 essent,

243 2493 276 2544 et
290 2481 374 2546 idem
390 2503 502 2546 omnes
518 2481 655 2547 deceret.
700 2483 746 2544 At
760 2480 949 2566 loquuntur,
965 2491 998 2544 et
1010 2481 1152 2555 ,servantl
1171 2482 1279 2568 perso·

244 2586 357 2628 narum
382 2567 571 2630 discrimen:
599 2567 731 2651 itaquo
757 2567 889 2652 quisque
913 2563 984 2651 plus
1007 2565 1104 2629 efficit
1127 2565 1277 2646 dicend0,

191 2668 231 2734 45
245 2647 307 2715 hoc
322 2650 425 2735 magis
445 2650 619 2715 secundum
640 2661 786 2715 naturaeu
809 2649 1027 2736 eloquentiam
1048 2649 1140 2716 dicit.
1185 2651 1277 2716 Qua.

243 2747 371 2820 propter
398 2734 527 2800 neillis
553 2734 683 2822 quidem
710 2733 847 2798 nimium
869 2756 1025 2821 repugno,
1052 2735 1110 2822 qui
1133 2735 1277 2802 dandum

243 2831 357 2903 putant
378 2819 523 2883 nonnihil
553 2819 620 2882 effe·
635 2819 833 2904 temporibus
854 2833 951 2906 atquc
978 2820 1122 2905 auribus,
1144 2821 1277 2886 nitidius

243 2901 364 2990 aliquid
385 2917 481 2990 atque
496 2903 696 2969 anenatiusx
719 2903 958 2992 postulantibus.
1002 2907 1202 2993 Itaquenon
1224 2906 1276 2970 so-

242 2987 310 3052 lum
337 2988 378 3056 ad
400 2989 519 3075 priores
544 2989 730 3054 Catonemr·
750 2989 985 3075 Gracchosque,
1006 2989 1059 3054 sed
1085 3013 1125 3056 ne
1150 2991 1191 3056 ad
1215 2990 1276 3058 hos

242 3071 372 3158 quidem
387 3089 543 3139 oratorem
567 3074 764 3162 alligandum
783 3087 872 3160 puto.
916 3075 1028 3162 Atque
1050 3075 1082 3140 id
1101 3072 1206 3142 'secisse
1219 3079 1274 3144 M.

241 3159 386 3224 Tullium
416 3161 521 3239 video,
552 3173 589 3224 ut
616 3182 690 3224 cum
721 3159 850 3223 omnia²
879 3159 1024 3240 utilitati,
1052 3173 1122 3226 tum
1151 3175 1274 3247 partem

240 3245 412 3329 quamdam
428 3245 632 3319 delectationi
646 3245 746 3326 daret,
762 3267 835 3309 cum
851 3259 870 3326 †
894 3257 926 3310 et
938 3243 1035 3334 ipsam
1051 3247 1162 3311 serem
1177 3269 1273 3336 agere

272 3447 284 3478 ¹¹
302 3447 382 3510 inquit
394 3449 426 3497 id.
501 3446 508 3479 ¹
527 3450 591 3498 idem
603 3449 709 3510 pluribus
720 3458 745 3497 ct
755 3449 786 3498 G.
862 3445 869 3477 ¹
887 3447 974 3496 virtute
985 3449 1090 3498 G-Jens.
1167 3455 1185 3479 ¹¹¹
1207 3450 1272 3500 Ouia

239 3511 302 3558 Jens.
373 3521 386 3548 1¹
402 3513 486 3561 antid.
561 3515 683 3578 “illoirff.
696 3514 727 3562 G.
802 3513 869 3560 Pcui
882 3514 913 3560 G.
923 3513 987 3560 lens.
1062 3513 1269 3574 sindicarclens.

240 3581 249 3605 Γ
268 3575 373 3624 calorem
385 3577 416 3624 id.
514 3584 522 3606 ¹
541 3577 662 3638 loquendo
675 3579 705 3625 G.
808 3584 815 3609 t
833 3576 924 3624 salvant
936 3578 966 3624 G.
977 3577 1040 3624 Jens.
1049 3577 1118 3642 gloffa
1129 3579 1271 3629 monachalis.

240 3645 252 3670 ¹¹
273 3652 384 3688 naturam
396 3641 539 3703 eloquentiae
551 3643 582 3690 G.
594 3653 616 3687 et
627 3641 689 3703 plur.
703 3641 776 3688 MSS.
788 3651 825 3702 ap.
837 3641 916 3688 Bam.
928 3641 1047 3706 qrmdfere
1060 3646 1090 3702 y!
1101 3652 1126 3688 ut
1137 3645 1270 3706 preferant.

239 3711 253 3738 ¹
269 3706 375 3754 effessius
396 3708 427 3754 G.
444 3705 553 3767 pulchre!
578 3707 684 3754 affedllus
703 3707 776 3754 MSS.
796 3706 885 3769 quidemr
905 3715 942 3766 ap·
959 3707 1038 3754 Burm.
1063 3707 1187 3754 affesllbus
1204 3707 1269 3757 Jens.

238 3771 532 3831 yCatonthacchisque
546 3770 601 3824 Obr.
667 3777 677 3801 2
696 3771 808 3818 omniurn
821 3770 851 3818 G.
862 3771 926 3818 lens.
991 3777 1009 3831 τ
1027 3771 1058 3818 Et
1069 3784 1128 3818 cum
1138 3773 1205 3820 suam
1217 3787 1268 3830 rent

237 3847 305 3894 agere
314 3837 431 3884 diceretur
441 3837 496 3900 σαφ’.
506 3836 586 3886 Burni.
858 3829 862 3836 ’
1066 3839 1067 3846 ’

272 4000 317 4048 43.
336 3983 362 4036 in
381 3983 429 4035 Ioco
447 3981 624 4053 compffitionis]
653 4001 679 4047 9.
699 3998 727 4045 4,
778 3999 822 4049 ¹9·
839 3982 990 4047 Add.t,3,
1005 4000 1048 4034 10.

237 4060 292 4104 tum
315 4056 342 4106 in
363 4054 486 4124 principio
511 4052 601 4123 capitis
624 4065 677 4104 tum
700 4053 727 4104 in
810 4068 856 4117 45.
876 4054 990 4104 Catonem
1008 4050 1184 4126 Gracchasqtte]
1203 4055 1266 4122 Jun.

237 4121 295 4173 fine.
796 4121 815 4171 it
831 4123 907 4173 etiam
926 4121 950 4172 in
968 4121 1012 4174 tali
1029 4139 1056 4173 re
1075 4125 1099 4181 8,
1114 4141 1139 4188 5,
1154 4143 1195 4190 33.
1226 4127 1268 4184 Ad

271 4208 318 4253 44.
335 4190 639 4264 lacertos—constringere]
655 4190 727 4242 Unde
774 4137 816 4242 dos
825 4191 929 4260 quidem,
942 4191 961 4244 i.
974 4209 996 4244 e.
1015 4191 1060 4260 qui
1073 4181 1229 4260 nuper'suere
1240 4207 1265 4250 et

235 4270 334 4339 corpora
354 4261 404 4330 ipsa
421 4262 484 4312 finnt
495 4262 617 4320 'calorata,
636 4270 661 4312 et
677 4261 726 4312 ad·
774 4275 839 4311 nunc
852 4261 915 4323 sunt,
926 4273 956 4312 ut
967 4259 1029 4329 saepe
1040 4261 1137 4314 Cicero.
1253 4315 1258 4326 .

227 4329 329 4412 strada,
348 4340 373 4383 et
394 4329 493 4386 lacertis
511 4330 619 4401 exprestc
626 4333 666 4394 ,3,
685 4347 723 4400 pr.
809 4345 856 4395 45.
874 4347 927 4386 cum
937 4339 961 4388 et
971 4328 1081 4402 ipsamsc
1090 4331 1157 4405 rm]
1174 4333 1263 4389 Cicero

786 4415 839 4486 Ζ3
