3014 4918
405 412 573 478 rnsrrr.
596 411 799 479 oraton.
820 411 903 476 mn.
921 371 992 478 cnr}
1007 427 1036 496 ς.
1133 379 1137 388 ’
1170 387 1230 496 io

204 579 341 657 nicrum,
356 579 520 650 autetiam
539 577 762 666 judicatorum
775 577 921 644 obtinent
938 580 1069 648 lucum}
1091 577 1145 644 sed
1159 579 1230 644 baec
1260 603 1262 608 ·

206 687 334 750 quoque
358 680 413 731 aut
435 665 595 729 vetustatis
617 663 678 728 fide
700 677 769 728 tuta
793 665 876 744 sunt,
902 677 958 728 aut
982 665 1021 728 ab
1046 663 1232 730 hominibus
1261 679 1267 743 ξ

205 750 332 836 magnis
360 761 589 835 praeceptorum
618 750 690 814 loco
719 749 791 812 fieta
818 749 1001 814 creduntur.
1046 749 1132 812 Sciat
1155 770 1233 834 ergo
1261 792 1268 807 .

205 855 302 918 quam
327 833 483 918 plurimas
505 833 590 914 unde
611 833 705 898 etiam
728 832 853 898 senibus
876 835 1045 898 auctoritas
1063 833 1163 920 major
1177 835 1231 913 est,

206 915 293 1004 quod
309 919 397 1016 plura
411 918 495 981 nosse
509 932 543 981 et
557 917 662 983 vidisse
677 919 867 981 creduntur:
889 918 976 1002 quod
992 919 1153 982 Homerus
1169 920 1233 984 fre-

206 1003 406 1087 quentrffime
420 1003 558 1066 testatur.
604 1002 666 1068 Sed
687 1023 751 1065 non
773 1005 815 1066 est
836 1001 1042 1086 exspectanda
1056 1003 1169 1068 ultima
1190 1027 1240 1082 aas

207 1099 269 1166 tae,
295 1109 369 1150 cum
397 1086 495 1152 studia
517 1088 671 1172 praelient,
699 1099 746 1167 ut,
774 1099 927 1170 quantum
954 1086 993 1150 ad
1017 1087 1239 1174 cognitionem

207 1171 346 1256 pertinet
360 1192 477 1249 rerum,
493 1173 588 1235 etiarn
604 1171 769 1258 praetcritis
785 1170 897 1234 seculis
912 1169 1018 1234 vixisse
1032 1172 1222 1258 videamur.¹

251 1257 295 1318 V.
319 1257 400 1322 Haec
414 1256 496 1334 sunt,
512 1280 586 1341 quae
602 1278 654 1319 ine
675 1255 875 1320 redditurum
896 1256 1110 1342 promiseram,
1125 1255 1235 1340 instra.

161 1403 163 1411 ,
209 1353 319 1420 menta,
336 1363 399 1404 non
422 1341 508 1419 artis,
531 1355 567 1404 ut
594 1339 725 1426 quidam
751 1353 952 1424 putaverunt,
972 1340 1024 1404 sed
1048 1340 1141 1424 ipsius
1167 1365 1236 1407 cra·
1312 1415 1314 1419 Ι
1362 1391 1366 1400 .

210 1425 292 1489 toris.
336 1427 419 1490 Haec
443 1447 528 1488 arma
547 1425 662 1489 habere
678 1425 718 1488 ad
741 1447 883 1501 manum,
900 1423 1014 1489 horum
1036 1425 1165 1488 scientia
1178 1425 1237 1488 de-

210 1511 265 1574 bet
279 1507 337 1576 esse
353 1510 542 1588 succinctus,
558 1509 729 1574 accedente
749 1511 918 1572 verborum
936 1509 1174 1595 figurarumque
1188 1510 1246 1578 fa.

209 1592 266 1670 cili
289 1595 391 1680 copia,
415 1607 448 1657 et
476 1595 668 1658 inventionis
693 1595 827 1674 ratione,
850 1607 883 1658 et
908 1593 1092 1680 disponendi
1116 1595 1184 1674 usu,
1205 1606 1239 1660 ct
1266 1655 1269 1662 ,.

211 1680 375 1742 memoriae
399 1679 546 1742 firmitate
559 1691 580 1757 ⁸,
607 1693 641 1742 et
662 1679 793 1742 actionis
817 1677 931 1764 gratia.
977 1679 1040 1743 Sed
1065 1679 1240 1765 plurimum
1269 1731 1272 1751 .

212 1785 253 1826 ex
274 1764 325 1826 his
346 1764 429 1827 valet
450 1764 543 1826 animi
563 1762 749 1849 praestantiu,
773 1785 868 1848 quam
893 1785 952 1828 nec
974 1776 1080 1828 'metus
1101 1765 1239 1850 frangat,
1271 1821 1273 1826 .

213 1870 273 1910 nec
295 1847 481 1910 acclamatio
501 1859 627 1926 terreat,
643 1871 703 1911 nec
724 1848 921 1911 audientium
944 1849 1133 1912 auctoritast
1157 1851 1241 1914 ultra

150 2003 152 2007 .
182 1929 356 1996 adebitam
379 1932 584 1995 reverentiam
609 1933 721 1995 tardet.
766 1933 854 1996 Nam
878 1946 915 1997 ut
935 1933 1148 1996 abominanda
1169 1933 1241 1998 sunt
1280 1931 1283 1935 ’

215 2015 370 2080 contraria
394 2015 445 2078 his
468 2015 545 2080 vitia
568 2015 781 2092 confidentiae‚
805 2017 1001 2095 temeritatis,
1017 2018 1242 2102 improbitatiS,

214 2122 286 2162 arro
311 2101 425 2162 antiae:
450 2100 493 2164 ita
507 2101 587 2164 citra
601 2101 816 2179 constantiam,
833 2101 993 2178 fiduciam,
1008 2099 1242 2182 fortitudinem,
1258 2133 1263 2141 ’
1289 2099 1298 2124 ’

216 2123 310 2247 nihii
321 2207 368 2248 ars
378 2195 402 2263 ¹¹,
424 2185 505 2248 nibil
526 2185 673 2260 studium,
688 2186 767 2248 nibil
793 2185 951 2270 profectus
976 2186 1040 2270 ipse
1067 2185 1240 2272 profuerit:

217 2283 254 2332 ut
276 2269 296 2332 sr
316 2269 372 2334 des
393 2292 480 2333 arina
499 2270 620 2334 timidis
642 2285 675 2334 et
695 2270 893 2334 imbellibus.
937 2271 1062 2334 lnvitus
1084 2271 1244 2338 mehercle

215 2351 301 2432 dico,
318 2355 469 2440 quoniam
488 2367 521 2418 et
539 2355 630 2418 aliter
651 2355 750 2440 accipi
770 2356 881 2440 potest,
897 2355 992 2440 ipsam
1009 2356 1243 2436 verecundiam,

218 2438 333 2502 vitium
347 2438 490 2524 quidem,
506 2441 559 2504 sed
574 2440 720 2518 amabile,
737 2453 769 2504 et
782 2461 854 2524 quae
871 2441 1002 2503 virtutes
1019 2439 1169 2503 facillime
1185 2463 1246 2526 ge-

140 2545 146 2553 ·
219 2537 320 2600 neret,
335 2523 395 2587 else
417 2524 567 2588 interimx
589 2525 758 2600 adversam,
775 2523 947 2609 multisque
968 2525 1001 2586 in
1022 2524 1122 2587 caussa
1144 2524 1245 2605 fuisse,

220 2619 258 2668 ut
270 2608 355 2670 bona
370 2609 492 2692 ingenii
508 2607 661 2694 studiique
676 2610 708 2672 in
725 2609 832 2670 lucem
854 2629 915 2670 non
939 2608 1069 2692 prolata,
1085 2609 1142 2672 situ
1165 2632 1247 2694 quo·

186 2690 294 2772 3dam
317 2689 428 2754 secreti
456 2691 723 2757 consumerentur.
768 2691 855 2754 Sciat
878 2689 996 2771 autern,
1019 2693 1039 2756 fi
1064 2693 1136 2777 quis
1161 2694 1245 2774 hac,

221 2773 303 2838 sorte
318 2775 425 2840 minus
439 2776 543 2839 adhuc
559 2775 679 2860 peritus
695 2775 907 2862 distinguendi
924 2776 987 2840 vim
1011 2776 1161 2863 cujusque
1176 2801 1247 2842 ver·

221 2859 269 2938 bi,
283 2860 382 2946 leget,
397 2873 461 2924 non
483 2861 673 2946 probitatem
696 2883 716 2924 a
736 2883 788 2923 me
806 2860 1004 2945 reprehendi,
1019 2861 1071 2926 sed
1091 2884 1246 2927 verecun-

222 2943 320 3023 diam,
341 2968 414 3031 quae
436 2946 478 3009 est
500 2944 596 3009 timor
622 2944 765 3030 quidam,
785 2945 941 3009 reducens
965 2946 1107 3010 animum
1131 2949 1171 3010 ab
1197 2949 1248 3028 iis,

247 3052 296 3092 uae
319 3027 465 3094 facienda
479 3029 562 3109 sunt,
578 3029 828 3108 undeconsusro,
844 3042 878 3093 et
892 3031 987 3116 coepti
1003 3031 1201 3116 poenitentia,
1216 3047 1254 3098 ct

222 3051 363 3178 subitum
389 3114 559 3179 filentium.
605 3114 688 3180 Quis
709 3137 803 3200 porro
825 3114 951 3179 dubitet
971 3116 1056 3178 vitiis
1075 3116 1251 3182 adscribere

188 3211 213 3274 4
225 3199 383 3278 affectum,
397 3212 525 3285 propter
538 3221 635 3286 quern
651 3197 755 3264 facere
769 3199 894 3262 honeste
909 3199 1008 3284 pudet
1022 3203 1032 3264 l
1056 3201 1173 3286 Neque
1188 3224 1252 3290 ego

225 3282 328 3347 rursus
343 3283 418 3348 nolo
433 3306 520 3363 eum,
536 3284 592 3370 qui
607 3285 642 3347 fit
663 3283 864 3365 dicturuaet
885 3282 1049 3372 solicitum¹
1065 3284 1203 3372 surgere,
1219 3299 1254 3352 et

225 3367 355 3450 colorc²
377 3368 503 3448 mutari,
519 3383 552 3432 et
569 3368 745 3454 periculum
767 3368 965 3455 intelligere:
1011 3393 1061 3432 uae
1083 3370 1103 3432 sr
1120 3393 1183 3434 non
1197 3395 1253 3436 ae-

228 3451 348 3530 cident,
372 3452 469 3515 etiam
498 3452 669 3519 fimulauda
697 3467 801 3517 erunt.
846 3454 910 3524 Sed
934 3394 1115 3518 intellectus
1140 3455 1193 3519 hic
1219 3458 1255 3520 fit

227 3535 345 3622 operis,
360 3557 422 3599 non
438 3549 557 3602 metus:
576 3545 834 3624 mereamurque,
851 3560 915 3600 non
929 3537 1148 3603 concidamus.
1174 3541 1251 3626 op-

227 3621 308 3686 tima
321 3621 362 3684 est
376 3631 484 3684 autem
504 3621 686 3686 emendatio
700 3622 910 3699 verecundiae,
924 3623 1045 3708 fiducia
1059 3649 1069 3684 .·
1092 3635 1125 3686 et
1139 3646 1253 3710 quam-
1275 3701 1277 3708 y

147 3711 150 3717 '
193 3705 309 3785 5libet
329 3704 494 3768 imbecilla
510 3704 609 3784 frons,
624 3714 741 3804 magna
762 3706 933 3793 conscientia
953 3707 1129 3772 sustinetur.
1173 3709 1257 3773 Sunt

228 3795 268 3856 et
282 3789 445 3870 naturalia,
461 3804 498 3854 ut
515 3789 607 3878 supra
625 3788 704 3870 dixi,
720 3814 791 3877 quae
812 3804 920 3856 tamen
942 3805 976 3856 et
999 3814 1075 3856 cura
1089 3791 1255 3878 juvantur,
1278 3855 1281 3862 .

263 3975 458 4024 ⁶firruutelcns.
528 3973 700 4024 teutrannus
711 3974 742 4023 id.
813 3983 902 4025 ¹¹artes
912 3977 944 4026 G.
1019 3961 1297 4028 ¹interadvcrsaG.=

249 4031 366 4090 'colorem
376 4051 470 4104 mutare
480 4039 543 4087 lens.

259 4202 301 4262 tv,
321 4217 345 4265 ς.
371 4211 399 4252 ur
413 4201 494 4272 fiipra
514 4201 581 4274 dixi]
607 4191 740 4256 l’rooenr.⁴
770 4201 900 4262 ‘Trachalio
915 4203 990 4262 ctiam
1002 4205 1086 4277 tetigit
1101 4225 1143 4270 rc,
1158 4226 1181 4272 r,
1197 4215 1283 4276 irps,

233 4269 334 4325 uniuersi
346 4272 519 4340 optrirsafi.
536 4273 573 4345 sq.
591 4273 671 4328 ‘Illud
682 4273 721 4328 'dc
737 4297 746 4313 ··
977 4307 979 4310 -
1088 4273 1098 4324 s
