2942 4928
293 407 333 521 ir
534 453 579 514 u.
600 453 719 514 rnen
746 417 1091 552 curucrrnmur

296 616 606 700 rorurupla'vocatur,
622 617 721 706 jamffl
740 617 814 684 sunt
834 615 905 682 aliie
928 617 990 684 alia
1012 613 1198 696 honestiora,
1219 615 1318 682 subli-

296 701 409 782 miora,
422 701 581 784 nitidiora,
598 702 801 790 jucundiora,
816 701 982 768 vocaliora.
1024 703 1123 778 Nam,
1138 714 1176 766 ut
1188 701 1321 788 syllaba

296 808 316 850 e
330 785 431 851 literis
442 785 557 854 melius
572 787 755 854 sonantibus
768 787 916 854 clariores
931 787 1014 868 sunt,
1029 786 1075 851 ita
1088 787 1183 852 verbu
1197 798 1239 852 e¹¹
1254 785 1320 874 syl-

296 870 380 936 labis
392 872 496 960 magis
510 872 648 938 vocalia:
671 885 715 953 et,
730 896 795 962 quo
809 873 880 960 plus
895 879 1053 960 quaeque⁰
1070 870 1194 958 spiritus
1208 869 1320 948 habet,

295 956 413 1021 auditu
426 956 588 1046 pulchrior
597 970 623 1022 Ρ.
659 959 714 1036 Et,
727 957 814 1045 quod
823 956 900 1022 facit
914 957 1101 1046 syllabarum
1111 968 1136 1034 ³,
1150 956 1235 1020 idem
1250 978 1320 1020 ver·

297 1041 415 1108 borum
438 1065 567 1130 quoquc
591 1043 673 1108 inter
694 1044 724 1110 se
747 1043 917 1130 copulatio,
935 1055 970 1108 ut
992 1041 1079 1106 aliud
1099 1041 1152 1106 alii
1169 1040 1321 1127 juellum

299 1127 416 1192 melius
429 1129 528 1192 sonet.
571 1128 719 1194 Diversus
734 1129 895 1192 esttamen
908 1127 992 1192 usus.
1028 1129 1114 1192 Nam
1128 1127 1223 1192 rebus
1232 1137 1320 1192 atro·
1337 1137 1382 1204 17

298 1211 389 1276 cibus
410 1214 504 1277 verba
523 1211 620 1278 etiarn
642 1213 707 1298 ipso
728 1212 840 1278 auditu
859 1212 962 1298 aspera
975 1212 1080 1300 magis
1094 1210 1323 1276 conveniunt'.

301 1297 339 1360 In
353 1295 532 1362 universum
544 1297 674 1384 quidem
689 1298 810 1384 optima
823 1297 1007 1384 simplicium
1022 1297 1205 1374 creduntur,
1227 1307 1323 1382 quae·

295 1393 355 1446 aut
374 1383 513 1447 maxime
527 1381 718 1462 exclamant,
739 1394 796 1446 aut
816 1383 891 1448 sono
912 1381 986 1446 sunt
998 1379 1233 1468 jucundiffima.
1278 1382 1326 1444 Et

218 1474 220 1480 ’
299 1463 430 1530 honesta
444 1465 573 1553 quidem
587 1467 733 1552 turpibus
769 1466 871 1532 otiora
882 1468 1013 1553 semper,
1029 1487 1088 1531 nec
1101 1463 1235 1530 sordidis
1247 1485 1323 1528 urn-

299 1571 396 1635 quam
410 1550 443 1614 in
460 1550 603 1617 oratione
615 1550 738 1616 erudita
748 1488 854 1616 locus.
889 1551 1049 1616 ermina
1066 1562 1163 1636 atque
1175 1548 1327 1614 sublimia
1342 1543 1387 1608 18

298 1633 488 1722 plerumque
508 1636 648 1702 materiae
669 1636 784 1702 modot
806 1636 964 1702 cernenda
986 1635 1067 1700 sunt.
1112 1634 1212 1700 Quod
1236 1632 1326 1697 enirn

298 1718 379 1783 alibi
393 1720 611 1806 magnificum,
624 1719 785 1786 tumidum
800 1721 888 1788 alibi.
931 1723 985 1798 Et,
1000 1731 1096 1806 quaeu
1110 1718 1247 1783 humilia
1261 1717 1327 1781 cir·

302 1825 340 1868 ca
355 1825 404 1884 res
422 1827 568 1904 magnas,
582 1818 654 1892 apta
666 1805 751 1869 circa
768 1806 907 1870 minores
925 1805 1084 1870 videntur.
1116 1805 1180 1881 Et,
1197 1803 1275 1870 ficut
1291 1803 1327 1867 in

300 1887 445 1954 oratione
459 1889 559 1953 nrtida
572 1890 710 1955 notabile
724 1891 765 1954 est
778 1891 933 1956 humilius
946 1890 1090 1968 verbum,
1105 1901 1138 1952 et
1152 1886 1240 1952 velut
1253 1909 1327 1951 ma-

302 1974 395 2038 cula:
419 1973 465 2038 ita
483 1996 503 2037 a
519 1974 662 2040 sermone
681 1975 769 2040 tenui
790 1975 924 2040 sublime
938 1973 1075 2039 nitidum
1099 1996 1140 2038 ue
1154 1971 1327 2052 discordat,

302 2056 402 2146 fitque
426 2057 623 2146 corruptum,
648 2060 724 2145 quia
744 2060 775 2124 in
796 2061 893 2158 plano
917 2071 1032 2124 tumet.
1111 2057 1235 2124 undam
1261 2079 1329 2122 non
1346 2069 1390 2136 19

302 2155 370 2208 tarn
383 2143 518 2224 ratione,
530 2166 626 2230 quam
640 2144 938 2231 sensujudrcantur:
962 2156 999 2209 ut
1012 2143 1105 2223 illud,

512 2261 692 2348 ——Caesa
703 2263 898 2349 jungebant¹
907 2261 1033 2348 foedera
1042 2277 1146 2350 porca,

303 2391 382 2458 fecit
400 2392 544 2482 elegam,
569 2393 655 2459 fictio
678 2395 836 2459 nominis:
866 2394 958 2542 1quod
981 2395 1002 2458 sr
1023 2393 1126 2460 fuisset
1145 2409 1240 2482 porra,
1263 2395 1331 2461 vile

297 2489 386 2542 erat:
410 2478 444 2544 in
470 2479 658 2566 quibusdam
678 2480 758 2543 ratio
777 2478 864 2543 mani

302 2563 376 2642 rito,
392 2585 493 2651 nuper
505 2575 644 2650 poetam,
659 2563 714 2649 qui
729 2563 860 2644 dixerat,

432 2681 615 2745 Praetextum
630 2681 665 2751 in¹
676 2679 744 2766 cista
759 2704 854 2745 mures
866 2683 956 2770 rosere
973 2681 1105 2746 Camilli.
1131 2685 1133 2692 ’
1248 2761 1251 2766 Ι

877 2479 1003 2544 estaest.
1049 2479 1196 2563 Rifimus,
1209 2493 1331 2546 etme-

304 2809 496 2912 itt-Virgilii
510 2811 662 2876 miramur
676 2810 768 2890 illud,
1324 2899 1329 2918 Ι
1348 2833 1395 2888 20

409 2945 411 2954 '
516 2929 656 3015 -Saepe
670 2928 793 3015 exiguus
808 2951 882 2995 nme.

192 3083 196 3090 “
302 3064 417 3129 Nam²
431 3063 608 3151 epitheton,
624 3064 759 3150 exiguus,
771 3075 881 3149 aptum
896 3062 1057 3150 proprium
1070 3064 1186 3147 effecit,
1201 3087 1243 3131 nc
1258 3067 1336 3154 plus

341 3285 360 3315 m
381 3295 439 3329 narn
455 3282 487 3328 G.
582 3289 597 3316 ¹¹
612 3295 654 3325 em.
671 3279 702 3325 G.
796 3282 809 3308 ⁰
825 3281 921 3339 quoque
932 3279 964 3326 G.
1063 3285 1076 3319 Ρ
1090 3281 1216 3342 pulchrius
1227 3284 1258 3331 G.
1270 3283 1338 3336 lens.

308 3355 322 3396 t
340 3363 381 3392 em.
394 3347 425 3394 G.
512 3357 522 3382 r
539 3345 684 3392 convenient
694 3342 725 3389 G.
735 3341 797 3389 lens.
886 3343 1150 3405 ⁸quae--qultlerrrona
1162 3347 1192 3395 G.
1267 3354 1339 3398 tom.

310 3413 342 3459 G.
351 3410 415 3458 leus.
496 3415 507 3440 ⁸
527 3421 575 3468 quo
584 3407 648 3456 lens.
720 3411 732 3436 ¹
747 3405 865 3468 jungebat
875 3407 906 3453 G.
976 3416 990 3442 2
1004 3407 1073 3458 Nem
1082 3423 1122 3471 ep.
1132 3425 1172 3458 ex.
1183 3427 1226 3459 m.
1237 3413 1271 3461 G.

303 3601 306 3610 .
349 3601 796 3675 19.Caes‘l‘l⁰r‘alvisg'⁸’⁶4¹'
845 3601 927 3662 luerit,
946 3602 973 3654 in
990 3604 1110 3674 ambiguo
1130 3606 1173 3662 est.
1212 3608 1240 3662 Si
1256 3611 1341 3680 prius,

311 3677 367 3738 ubi,
379 3675 432 3745 post
443 3675 502 3726 allass
513 3673 620 3726 rationes
636 3687 652 3721 a
668 3670 797 3722 sacrificio.
844 3672 928 3723 eadem
946 3670 1009 3728 forle
1025 3673 1108 3742 figura
1124 3678 1163 3728 ull
1178 3678 1274 3742 VOlull,
1287 3699 1342 3750 qua

312 3763 368 3798 rum
379 3761 446 3795 more
461 3743 562 3802 sumtar,
573 3739 672 3804 subjicit
689 3739 796 3800 Servius,
846 3739 969 3808 Virgilius
982 3751 1081 3810 parvos
1099 3744 1211 3816 Quirites
1230 3748 1299 3802 dixit
1310 3751 1344 3804 de
1449 3749 1450 3761 ¹

313 3814 422 3884 Quidam
444 3827 544 3882 porcam
566 3806 687 3877 euphonia
710 3807 798 3876 gratia
846 3811 937 3879 apibus
946 3811 1150 3893 Georg.4,2ozr
1164 3816 1264 3870 Camilli
1273 3821 1348 3872 enirn

305 3877 404 3936 pipam
414 3879 511 3931 volunt,
562 3944 593 3955 ..
750 3943 756 3956 ’
846 3879 917 3947 pueri
928 3879 1042 3946 ingenuit
1062 3897 1091 3934 ac
1102 3883 1164 3934 risus
1175 3885 1220 3946 est,
1231 3888 1304 3955 quod
1317 3892 1346 3942 in
1448 3917 1449 3950 l

351 3971 392 4017 19.
410 3941 714 4010 murrrCamrllrlAdfert
724 3953 799 3996 etiam
847 3947 950 3998 materia
966 3949 1036 4016 gravi
1057 3949 1094 4002 its
1109 3949 1216 4014 luderet,
1233 3972 1296 4008 curn
1318 3959 1347 4012 lu

314 4021 413 4073 Servius
424 4018 455 4068 ad
467 4015 616 4068 laudandum
634 4013 799 4065 llatimaFa·
839 4013 896 4066 ¹alio
924 4029 1068 4082 argumento
1096 4037 1135 4070 rer
1167 4026 1347 4084 unoenuatem
1447 4073 1448 4076 ,

311 4091 356 4142 530
372 4081 467 4139 versum
484 4082 581 4152 ρπβ
595 4099 620 4144 1,
634 4087 694 4134 181·
705 4083 800 4161 flate.
847 4083 971 4150 quandam
983 4084 1062 4138 suillet
1074 4085 1202 4152 habitura.
1224 4093 1251 4144 Si
1264 4096 1346 4166 postt-
1447 4082 1448 4137 l

309 4175 381 4218 mm,
393 4154 523 4224 camillosue
538 4168 619 4203 mures
633 4151 724 4204 dixerit
742 4167 801 4219 poe·
846 4153 909 4212 rius,
921 4151 1020 4214 humili,
1037 4155 1181 4225 sordidaque
1198 4171 1227 4212 et
1247 4162 1347 4217 senten·

313 4239 351 4289 ta,
371 4241 402 4277 sn
418 4223 460 4276 M.
474 4222 544 4274 Furii
560 4219 660 4274 Camilli
677 4217 799 4272 exulantis
847 4220 883 4270 tia
898 4232 922 4270 et
941 4220 1081 4276 elocutione
1089 4226 1240 4292 majestatun
1251 4236 1348 4288 carmi·
1446 4253 1447 4325 p

311 4303 455 4368 praetextam
473 4291 506 4343 ab
525 4289 640 4342 muribus
658 4286 737 4341 rosam
754 4304 798 4340 ro·
846 4287 1021 4347 insederit·
1445 4351 1446 4354 ,
