3014 4918
453 415 623 478 rnsrrr.
644 407 851 475 ouaron.
872 413 956 474 rra.
976 409 1046 486 xrr.
1067 411 1095 477 r.
1218 432 1278 500 ,25

241 578 323 645 sonis
338 591 393 646 aut
408 579 573 646 communi
589 579 725 644 tractatu
746 578 891 644 locorum
906 579 1101 644 occasionem
1117 577 1276 654 clamandi
1369 605 1377 614 ·

239 665 436 752 largiantur3
461 666 585 752 aliquos
600 679 633 729 et
647 665 781 729 ambitio
800 665 960 750 pervertit,
975 667 1032 752 qni
1054 667 1167 752 partim
1188 679 1275 730 tam·

240 773 336 837 quam
362 753 521 837 occupati,
547 751 729 835 semperque
753 750 865 813 alindb
892 749 1058 831 habentes,
1083 751 1172 838 quod
1198 765 1275 818 ante

194 881 200 885 -
239 834 402 922 agendum
425 835 471 915 srt,
486 835 587 921 pridie
608 833 649 898 ad
670 837 701 898 se
723 835 831 898 venire
851 833 1059 921 litigatorem,
1081 849 1142 903 aut
1158 837 1274 904 eodem

239 921 399 999 matutino
421 921 553 984 'ubentz
578 941 819 1006 nonnumquam
842 919 938 983 etiarn
954 921 1113 1008 interipsa
1129 921 1277 988 subsellia

205 1005 380 1092 3didicisse
405 945 435 1070 sd
460 1005 657 1092 gloriantur:
692 1005 807 1090 partim
826 1005 982 1092 jaciantia
1003 1006 1137 1092 ingenii,
1160 1020 1199 1071 ut
1223 1029 1275 1073 ree

239 1091 306 1156 cito
334 1090 689 1176 accepisse-videantur,
719 1102 827 1154 tenere
857 1091 887 1154 se
916 1104 949 1153 et
978 1091 1157 1178 intelligere
1185 1093 1274 1178 priua

224 1180 331 1262 pene,
347 1199 445 1262 quarn
461 1175 603 1255 audiant,
619 1174 760 1253 mentiti,
775 1198 852 1239 cum
873 1174 977 1239 multa
990 1187 1024 1239 et
1045 1176 1170 1257 diserte,
1186 1180 1272 1242 sum..

238 1261 362 1348 misque
377 1262 582 1342 clamoribus,
595 1283 668 1347 quae
684 1283 788 1348 neque
803 1262 844 1324 ad
855 1259 1012 1346 judicem,
1029 1284 1135 1348 neque
1150 1263 1191 1326 ad
1204 1263 1275 1340 liti«,

238 1357 384 1435 gatorem
406 1347 586 1434 pertineant
597 1361 621 1426 ⁰,
635 1345 896 1426 decantaverunt,
912 1346 996 1410 bene
1012 1345 1158 1421 sudantes
1172 1349 1273 1426 bene·

203 1431 302 1518 4que
324 1431 469 1512 comitati
492 1453 547 1518 per
567 1431 672 1496 forum
695 1430 926 1496 reducunturt.
970 1433 1023 1495 Ne
1044 1431 1115 1497 illas
1140 1431 1274 1519 quidem
1300 1510 1302 1518 y

239 1519 370 1582 tulerim
393 1517 524 1581 delicias
549 1539 672 1595 eorum,
690 1516 746 1602 qui
771 1516 880 1580 doceri
902 1516 1024 1581 amicos
1045 1517 1116 1581 suos
1134 1517 1271 1604 jubent:

238 1617 434 1691 quamquam
449 1602 568 1667 -minus
591 1601 667 1666 mali
692 1603 746 1679 est,
774 1603 793 1665 fi
818 1601 864 1664 illi
890 1601 999 1667 saltem
1026 1604 1112 1668 redte
1137 1603 1272 1684 discant,

237 1689 387 1775 redeque
410 1689 557 1752 doceant.
603 1686 666 1751 Sed
688 1687 760 1774 quis
782 1687 881 1752 discet
902 1700 968 1751 tarn
988 1688 1083 1768 bene,
1099 1711 1195 1774 quam
1215 1711 1273 1776 pa-

219 1775 376 1838 tronus?
409 1772 584 1837 Quomodo
605 1785 713 1836 autem
733 1771 887 1859 sequester
907 1772 963 1836 ille
984 1785 1018 1836 et
1039 1775 1146 1838 media
1165 1774 1276 1850 litium

238 1877 365 1936 manus,
381 1870 415 1930 et
429 1857 558 1944 quidam
582 1857 747 1945 interpres,
763 1857 806 1920 im
831 1858 927 1921 endet
942 1881 1036 1945 aequo
1058 1861 1165 1926 animo
1180 1859 1272 1928 labor

204 1958 307 2030 5rem
322 1943 353 2006 in
369 1943 489 2007 alienas
504 1943 655 2021 adiones,
673 1965 746 2007 curn
763 1879 907 2007 didurns
928 1943 1014 2030 ipse‘
1036 1966 1100 2008 non
1115 1945 1173 2009 fit?
1199 1945 1272 2011 Pes..

239 2029 323 2092 srrnae
347 2050 427 2094 ,vero
456 2027 702 2106 consuetudinis,
731 2027 846 2091 libellis
873 2029 934 2094 else
963 2041 1162 2109 contentum,
1191 2053 1275 2119 quos

238 2114 404 2198 componit
427 2126 484 2177 aut
506 2112 662 2211 litigator,
681 2113 736 2200 qui
764 2113 913 2199 confugit
938 2112 978 2179 ad
1000 2126 1180 2200 patronum,
1198 2115 1275 2202 quia

179 2263 182 2270 ,
236 2196 288 2262 liti
310 2198 373 2283 ipse
396 2221 461 2264 non
482 2197 614 2278 sufficrt3
637 2213 692 2262 aut
709 2196 824 2284 aliquis
840 2220 879 2261 ex
901 2220 939 2261 eo
961 2219 1079 2285 genere
1100 2199 1273 2264 advocato-

236 2305 321 2362 rum,
338 2284 394 2370 qui
415 2285 446 2350 se
470 2307 534 2348 non
558 2283 642 2371 posse
664 2307 761 2370 agere
783 2283 989 2362 confitentur,
1009 2283 1126 2354 deinde
1150 2284 1274 2366 faciunt

235 2366 283 2447 id,
299 2369 388 2456 quod
403 2371 445 2434 est
460 2369 492 2433 in
507 2370 634 2457 agendo
651 2368 888 2434 difficillimum.
932 2369 1018 2432 Nam
1040 2369 1096 2454 qui
1113 2368 1272 2456 judicare,
1303 2433 1304 2436 ,

235 2455 314 2538 quid
336 2456 501 2534 dicendum,
518 2454 596 2542 quid
611 2453 863 2538 dffmulandum,
877 2453 957 2538 quid
971 2454 1191 2534 declinandum,
1205 2480 1273 2520 mu*

236 2542 412 2620 tandumve,
424 2541 609 2626 fingendum
623 2541 720 2603 etiarn
736 2540 772 2602 srt
783 2539 805 2618 f,
822 2539 933 2624 potest,
951 2561 1009 2602 cur
1024 2561 1088 2603 non
1106 2541 1141 2603 srt
1156 2554 1273 2621 orator,

236 2625 376 2708 quando,
394 2625 482 2711 quod
496 2622 655 2688 difficilius
676 2625 730 2704 est,
746 2622 846 2687 facit?
881 2622 929 2686 Hi
949 2645 1042 2721 porro
1062 2645 1125 2687 non
1146 2637 1272 2690 tautum

203 2713 400 2787 6nocerent,
416 2711 436 2772 fi
451 2709 560 2772 omnia
573 2708 760 2787 seriberent,
771 2708 819 2773 uti
838 2709 924 2794 gella
942 2712 1025 2772 lunt.
1069 2711 1170 2774 Nunc
1191 2733 1272 2775 con-

237 2793 341 2858 filium
366 2806 400 2857 et
426 2793 547 2857 colores
571 2793 737 2879 adjiciunt,
763 2806 797 2856 et
823 2793 929 2878 eliqua
953 2795 1058 2880 pejora
1084 2795 1174 2874 veris,
1197 2819 1273 2882 quae

236 2877 380 2964 plerique
410 2900 485 2942 cum
515 2891 718 2964 acceperunt,
743 2879 936 2942 immutaress
965 2879 1052 2943 nefas
1081 2879 1213 2960 habent,
1239 2894 1273 2952 et

196 2961 198 2970 ’
236 2963 326 3028 velut
347 2963 491 3028 themata
511 2964 545 3027 in
567 2963 683 3028 scholis
707 2965 806 3050 posita
827 2962 1018 3028 custodiunt.
1061 2964 1189 3030 Deinde
1216 2965 1272 3034 de,
1310 3019 1315 3026 .

236 3049 487 3133 prehenduntur,
504 3063 538 3114 et
550 3049 697 3128 caussam,
712 3070 810 3137 quarn
831 3048 1010 3120 discmeex
1024 3049 1085 3114 suis
1099 3049 1273 3138 litigatori-

203 3135 297 3222 7bus
324 3134 507 3212 uoluerunt,
533 3157 573 3198 ex
600 3134 780 3198 adversariis
809 3133 946 3198 discunt.
990 3134 1141 3199 Liberum
1170 3137 1273 3224 igitur

237 3219 351 3284 demus
373 3233 446 3284 ante
469 3221 576 3283 omnia
594 3219 646 3298 iis,
664 3241 802 3307 quorum
824 3219 992 3317 negotium
1012 3221 1085 3298 erit,
1101 3233 1211 3309 tempus
1233 3245 1272 3288 ac

236 3304 350 3370 locum.-
378 3305 651 3390 'exhortemurque
674 3305 771 3384 ultr0,
793 3317 831 3370 ut
859 3325 968 3368 omma
993 3306 1172 3392 quemlibet
1197 3330 1271 3372 ver.
1364 3307 1377 3328 ³

234 3389 321 3471 bose,
337 3403 379 3469 et,
396 3390 481 3454 unde
496 3389 615 3470 volent,
631 3391 791 3476 repetitoh
807 3406 949 3476 tempore
963 3404 1134 3476 exponant.
1178 3392 1213 3456 N
1217 3413 1270 3470 ort

235 3475 324 3539 enim
340 3487 405 3539 tam
420 3476 505 3540 obest
523 3474 634 3540 audire
655 3477 856 3561 supervacua,
872 3497 970 3561 quarn
990 3475 1140 3562 ignorare
1161 3479 1269 3541 neces·

196 3559 322 3626 liseria.
368 3561 562 3648 Frequenter
587 3573 696 3625 autern
718 3574 752 3626 et
777 3560 893 3625 vulnus
913 3571 947 3624 et
972 3559 1151 3625 remedium
1173 3561 1207 3624 in
1230 3562 1271 3628 iia

248 3782 254 3793 '
267 3777 278 3812 δ
297 3779 388 3840 aliquid
399 3780 430 3830 G.
517 3784 528 3809 ‘
547 3780 675 3841 pertinent.
686 3780 865 3828 decantaverint
875 3781 939 3830 Jens.
1020 3779 1195 3830 dreducantur
1204 3783 1268 3836 leus.

235 3847 317 3894 ‘vere
329 3845 361 3894 G.
425 3841 543 3894 fsrJenl'.
609 3845 774 3894 ‘mutarent
840 3843 969 3908 hrepetita
978 3854 1054 3909 temp.
1065 3858 1172 3909 exponat
1182 3848 1215 3906 id,

268 4038 349 4100 v111‚
364 4056 387 4105 5.
406 4037 492 4092 deinde
503 4038 615 4108 faciunt]
638 4038 726 4092 Suavi—
775 4058 909 4110 proponere
920 4041 1017 4094 volunt.

233 4117 309 4158 tatem
328 4110 433 4162 orationi
452 4111 567 4165 conciliat
583 4110 640 4160 usus
653 4109 726 4172 hujus
812 4113 836 4160 6,
856 4109 1077 4179 deprehenduntur]
1105 4114 1142 4168 Ut
1165 4133 1220 4171 mus
1239 4116 1268 4172 in

232 4175 352 4237 adverbii.
364 4179 431 4246 qu'od
449 4181 543 4232 Graeco
561 4179 609 4227 aba
627 4177 725 4248 respon·
775 4177 898 4249 decipula,
918 4180 1020 4243 haerent,
1039 4183 1085 4234 ubi
1108 4188 1222 4255 expedire
1245 4189 1268 4240 sc

231 4244 283 4306 det,
303 4263 354 4314 quo
371 4245 408 4296 illi
426 4261 542 4309 utuntur,
562 4265 620 4299 curn
640 4248 725 4299 absur·
774 4250 938 4320 nonpossint.
968 4252 1009 4312 Sic
1021 4254 1102 4313 utitur·
1113 4257 1190 4313 verb)
1203 4276 1227 4320 ι,
1240 4261 1266 4320 8,

230 4313 289 4371 dam
309 4329 334 4374 et
357 4315 504 4392 insperatam
526 4317 725 4389 consequentiam
775 4335 818 4368 21.
1247 4317 1248 4320 ’

783 4407 841 4478 rr
