3014 4918
240 399 300 460 302
462 381 508 444 u.
528 375 650 444 raon
677 329 1019 448 onrncrnmnr

235 546 308 618 ,lam
331 544 403 622 hoc⁴
418 545 491 634 quie
512 569 577 612 uon
601 546 699 626 videt,
720 547 891 614 maximam
914 561 1036 635 partem
1056 547 1210 618 orationis
1231 549 1267 625 in

235 634 372 702 tractatu
394 631 478 718 acqui
500 632 640 718 bonique
661 634 844 698 consistere?
871 633 1009 700 Dicetne
1024 636 1065 700 de
1086 637 1135 703 hia
1151 639 1264 709 secun·

234 717 313 784 dum
339 717 479 782 debitam
502 738 608 782 rerum
632 715 825 804 dignitatern
851 719 953 784 malua
981 733 1078 806 atqne
1102 723 1261 810 iniqbue?

209 873 213 880 .
234 803 396 888 Denique,
416 815 452 866 ut
473 801 645 866 maximam
671 817 792 890 partem
817 804 997 890 quastionia
1017 807 1188 889 eximam‘ss
1201 809 1298 896 de-‚p

232 908 304 952 mus
319 887 364 965 id,
380 887 468 974 quod
482 887 573 951 nullo
586 885 684 952 modo
697 885 765 952 fieri
781 889 891 974 potest,
906 887 992 954 idern
1006 890 1141 978 ingenii,
1156 890 1260 973 studii,

232 971 399 1048 doctrinae,
413 971 541 1070 peffimo
560 983 657 1070 atque
671 972 794 1058 optimo
807 973 897 1064 tiraq
919 987 991 1040 uter
1010 975 1126 1040 melior
1139 977 1266 1044 dicotur-
1381 1055 1384 1058 ,

230 1061 357 1122 orator?
382 1057 543 1122 Nimirum
559 1079 616 1143 qur
637 1057 737 1122 homo
751 1079 882 1146 quoque
903 1059 1026 1124 melior.
1070 1062 1145 1126 Non
1161 1063 1262 1150 igitur
1286 1063 1289 1067 ’

231 1163 386 1228 umquam
409 1141 513 1206 malua
533 1141 619 1206 idern
644 1141 756 1221 homo,
782 1155 815 1206 et
836 1141 996 1228 perfectus
1020 1157 1137 1210 orator.
1181 1151 1259 1214 Non
1275 1166 1318 1217 10

230 1227 317 1292 enim
342 1226 517 1313 perfectum
542 1228 609 1292 eiie
634 1225 821 1312 quidquam,
873 1247 916 1290 uo
945 1229 1063 1294 melius
1092 1233 1135 1296 est
1159 1232 1258 1298 aliud.

231 1312 305 1388 Sed,
336 1335 376 1378 ne
403 1333 492 1376 more
520 1311 753 1376 Socraticorum
781 1251 940 1377 nobilmet
968 1312 1049 1398 ipfi‘
1077 1316 1259 1402 responsum

229 1397 347 1461 finxille
361 1397 534 1475 videamur,
549 1396 585 1458 sit
606 1395 721 1481 aliquis
740 1394 821 1460 adeo
843 1409 954 1460 contra
973 1398 1137 1464 veritatem
1160 1404 1257 1468 obsti·

227 1497 333 1560 natus,
356 1493 400 1546 ut'
414 1482 528 1544 audeat
548 1479 665 1556 dicere,
685 1479 798 1544 eodem
820 1479 965 1567 ingenio,
980 1483 1093 1562 studio,
1114 1485 1266 1557 dodlrina¹

224 1567 407 1654 praeditum,
431 1566 535 1630 nihilo
560 1563 750 1630 deteriorem
778 1562 920 1630 futurum
949 1581 1106 1632 oratorem
1134 1572 1256 1640 malurn

224 1653 339 1730 virum,
353 1673 448 1736 quam
464 1651 597 1716 bonurn.
641 1649 987 1737 Convincamuehujus
1001 1673 1129 1740 quoque
1143 1677 1255 1720 amen-

224 1737 316 1800 tiam.
359 1739 446 1803 Nam
467 1735 530 1799 hoc
546 1746 631 1799 certe
652 1755 748 1798 nemo
766 1733 939 1816 dubitabit,
954 1757 1083 1801 omnem
1098 1753 1254 1806 oratorem
1269 1759 1308 1808 11

223 1821 257 1886 id
273 1842 378 1908 agere,
394 1832 431 1884 ut
445 1819 562 1905 judici,
575 1841 649 1919 quae
663 1821 818 1906 proposita
835 1818 965 1900 fuerint,
981 1843 1058 1886 vera
1073 1836 1107 1887 et
1127 1825 1256 1896 honesta

222 1906 400 1971 videantur.
445 1908 563 1969 Utrum
584 1903 685 1991 igitur
704 1903 768 1970 hoc
789 1903 916 1970 facilius
933 1907 1038 1972 bonus
1060 1908 1108 1972 vir
1127 1912 1253 1993 persua-

222 1991 325 2067 debit,
341 2013 380 2054 au
396 1990 523 2057 malus?
547 1991 658 2054 Bonus
672 1989 803 2076 quidem
818 2001 852 2054 et
865 1990 974 2056 dicetss
989 1991 1103 2080 saepius
1116 2015 1190 2060 vera
1202 2009 1253 2062 at·
1358 2039 1364 2051 ·

222 2098 286 2161 que
307 2076 445 2139 honesta.
490 2073 553 2140 Sed
573 2074 669 2138 etiam
693 2074 713 2138 fi
736 2074 865 2160 quando
884 2075 992 2161 aliquo
1011 2077 1128 2144 ductus
1147 2080 1253 2147 officio
1265 2095 1308 2152 η

226 2161 327 2247 (quod
348 2160 503 2238 accidere,
518 2171 556 2224 ut
576 2180 653 2224 mox
667 2158 868 2237 docebimutt,
883 2161 994 2246 potest)
1013 2159 1092 2226 falso
1112 2163 1184 2228 haec
1205 2167 1254 2232 af.
1292 2169 1295 2174 ’

221 2245 345 2309 firmare
367 2244 544 2323 conabitur,
567 2243 684 2330 majore
710 2265 784 2316 cum
808 2243 870 2308 fide
892 2245 1012 2310 neceffe
1030 2247 1074 2310 est
1092 2249 1250 2319 audiatur.

220 2330 267 2394 At
282 2329 373 2394 malis
387 2329 573 2409 hominibus
586 2350 626 2392 ex
641 2326 834 2394 contemtu¹²
857 2327 1027 2414 opinionis,
1043 2343 1078 2396 et
1098 2331 1249 2418 ignoran-

219 2417 266 2479 tia
279 2415 369 2492 retu,
384 2425 630 2499 nonnumquam*
638 2412 758 2478 excidit
778 2411 855 2499 ipsai
878 2413 1044 2479 fimulatio.
1090 2419 1170 2484 Inde
1187 2419 1250 2486 im·
1264 2435 1304 2505 13

220 2500 359 2564 modeste
382 2511 574 2586 proponunt,
599 2497 661 2564 fine
684 2496 806 2583 pudore
831 2495 998 2578 affirmant.
1043 2501 1195 2588 Sequitur
1215 2507 1250 2572 in

217 2583 270 2661 iis,
285 2608 359 2671 quae
374 2596 495 2649 certum
512 2584 553 2646 eli
568 2582 649 2648 effici
664 2603 727 2648 non
741 2582 836 2669 polle,
852 2580 1003 2648 deformis
1016 2585 1201 2670 pertinacia,
1216 2603 1252 2656 et

218 2669 326 2734 irritus
349 2669 449 2732 labor.
493 2667 579 2732 Nam
603 2667 682 2733 ficut
700 2667 742 2750 in
755 2667 832 2746 vita,
851 2665 896 2730 ita
916 2667 951 2732 in
974 2670 1084 2735 cauffis
1106 2694 1248 2772 quoque,

217 2756 287 2840 spes
316 2753 475 2838 improbas
498 2753 619 2816 habent
634 2754 654 2817 ¹.
699 2754 893 2838 Frequenter
920 2765 1027 2818 autem
1056 2757 1186 2838 accidit,
1210 2774 1250 2828 ut
1280 2820 1282 2826 .

217 2839 269 2904 his
284 2839 380 2904 etiam
395 2860 468 2904 vera
481 2836 663 2904 dicentibus
678 2835 755 2901 fides
769 2835 857 2916 defit,
874 2836 1081 2925 videaturque
1101 2842 1174 2909 talis
1189 2843 1247 2910 ad-

217 2938 360 3002 vocatus,
382 2922 476 2990 malae
497 2921 609 2992 caullae
630 2933 857 3008 argumentum
870 2933 903 2985 m.
947 2923 1048 2990 Nunc
1070 2925 1111 2990 de
1133 2927 1173 2992 iis
1195 2929 1246 2994 di·
1261 2944 1303 3010 14

217 3009 354 3074 cendum
379 3009 432 3087 cst,
449 3029 524 3094 quae
542 3004 623 3070 mihi
641 3007 725 3090 quasi
746 3005 975 3092 conspiratione
996 3010 1134 3095 quadam
1157 3013 1248 3101 vulgi

216 3093 382 3168 reclamari
409 3090 566 3157 videntur.
611 3089 722 3154 Orator
746 3113 813 3178 crgo
840 3091 1048 3186 Demosthenes*
1068 3119 1126 3158 non
1143 3097 1248 3182 fuit?

215 3177 303 3264 atqui
319 3176 440 3243 malurn
456 3176 557 3252 virum
572 3174 766 3261 accepimus.
809 3175 881 3240 Non
897 3177 1023 3242 Cicero?
1043 3181 1132 3266 atqui
1150 3181 1246 3268 hujus
1360 3209 1369 3228 ·

215 3283 345 3351 quoque
358 3283 462 3332 mores
477 3259 570 3326 multi
583 3259 864 3346 reprehenderunt.
910 3261 1002 3328 Quid
1016 3267 1131 3350 agam?
1149 3287 1243 3354 mag.
1303 3266 1309 3274 ’

215 3371 257 3412 na
282 3345 413 3433 responsi
438 3344 559 3412 invidia
578 3341 743 3410 subeunda
764 3345 819 3426 est,
846 3343 1032 3431 mitigandae
1056 3348 1130 3414 sunt
1155 3354 1252 3442 priua¹

248 3581 466 3634 ‘eximiamleni
532 3581 645 3630 ‘anati
718 3577 903 3646 ‘iptislenss'
948 3583 1036 3630 ⁸dicit
1047 3584 1078 3633 G.
1153 3586 1242 3637 teoni

119 3677 122 3683 ·
213 3661 287 3716 captu
296 3652 358 3699 lens.
422 3647 489 3695 ⁸illa
500 3647 531 3696 G.
596 3645 695 3695 ¹liabet
708 3645 740 3696 G.
802 3649 1076 3708 ¹1¹uugrncntumJens.

250 3861 292 3894 10.
323 3857 388 3893 more
415 3837 609 3960 Socraticorung
634 3837 718 3889 Cum.
749 3853 791 3890 tas
801 3837 855 3890 dari
866 3837 1025 3910 respcnliones
1034 3839 1240 3910 auditori‚equi-

212 3911 277 3964 enim
290 3923 343 3963 tota
359 3909 467 3969 illorum,
479 3922 566 3978 nempe
609 3909 701 3970 atonis,
717 3927 726 3938 ⁶
750 3908 799 3960 buc
817 3907 900 3977 laquei
918 3907 1006 3960 deiude
1025 3909 1157 3978 adipsum
1179 3913 1239 3964 irre-

214 3981 354 4040 AEschinis‚
390 3979 561 4047 Xenophontis
594 3975 702 4045 philoso·
749 3977 859 4047 tiendum
870 3978 983 4046 componi
995 3978 1092 4046 possint.

211 4050 305 4120 phandi
323 4048 492 4118 scribendique
513 4047 578 4099 ratio
597 4045 701 4100 insiti-in
786 4065 828 4099 12.
846 4063 880 4100 ex
894 4055 1012 4098 contemtu
1024 4046 1151 4115 opinionis]
1196 4049 1239 4105 uia

211 4119 329 4188 dialogis,
341 4119 366 4169 in
386 4118 478 4186 quibus
498 4117 625 4168 auditura
640 4115 700 4168 doc·
748 4131 837 4186 parum
854 4113 919 4186 pensi
938 4115 1038 4178 liabent,
1050 4118 1112 4186 quid
1131 4119 1175 4174 alii
1192 4121 1239 4172 lic-

211 4201 263 4241 tore
281 4187 410 4256 paullatim
428 4187 619 4239 circumvenitur
651 4184 702 4237 uasr
748 4185 828 4240 mines
839 4183 869 4239 de
880 4184 902 4238 se
913 4183 1059 4242 existumat.

210 4267 236 4312 ct
255 4255 384 4328 redigitur
396 4256 427 4308 ad
443 4253 552 4324 incitas,
570 4269 612 4308 nec
644 4253 701 4312 cest
