3026 4930
441 377 610 440 msrrr.
632 378 842 439 unsrun.
864 379 949 438 mn.
969 381 1023 442 nr.
1044 400 1074 456 4.
1153 453 1156 458 ,
1211 399 1272 458 ,ῳ

179 559 222 626 53
237 563 313 608 nora
327 539 398 606 vei·
419 540 453 605 in
468 543 625 610 membra.
671 542 735 610 Sed
757 542 809 609 in*
829 543 909 610 adeo
931 544 1079 614 molestos
1102 543 1277 612 incidimus

235 626 479 714 grammaticos,
500 641 618 716 quam²¹
643 626 861 715 fuerunt,'qui
883 629 1076 716 Lyricorum
1100 629 1276 716 quaedam¹
1314 699 1319 704 ,

236 713 378 778 carmina
403 713 436 776 in
463 713 566 780 varias
590 715 751 780 mensuras
771 738 830 792 coe
855 728 960 779 erunt.
1003 716 1051 780 At
1076 716 1191 780 Cicero
1211 715 1276 782 fre·
1367 779 1371 785 .

237 799 438 886 quentiffime
452 799 545 880 dicit,
561 813 666 865 totum
684 800 746 866 hoc
761 739 901 866 nuntiare
915 803 1056 880 numeris,
1071 801 1209 886 ideoque
1226 825 1277 866 re-

216 884 447 970 prehenditur
464 907 484 949 a
504 883 708 971 quibusdam,
725 900 888 974 tamquam
911 887 1088 952 orationem
1111 886 1151 952 ad
1172 887 1278 972 rhyth-

179 981 227 1052 54
239 994 297 1034 mos
312 969 437 1060 alliget.
480 971 568 1036 Nam
585 971 656 1036 sunt
672 971 798 1036 numeri
820 971 961 1058 rhythmi,
976 985 1013 1038 ut
1028 971 1139 1059 etipse
1161 973 1277 1038 consti·

240 1055 315 1136 tuit,
331 1069 365 1120 et
378 1055 478 1121 secuti
493 1077 568 1122 eum
582 1057 756 1144 Virgilius,
771 1079 845 1122 cum
861 1051 954 1136 dicit,

263 1205 265 1212 ¹
324 1211 453 1226 --
462 1173 608 1240 Numeros
623 1175 793 1262 memini,st
805 1173 902 1238 uerbo
915 1185 1061 1238 tenerem:

240 1307 275 1358 et
289 1293 457 1375 Horatius,

364 1449 499 1466 ----
510 1411 838 1503 Numerisquefhrturt

371 1500 453 1588 Lege
457 1499 582 1586 solutis.

185 1633 228 1704 55
243 1616 403 1682 Invadunt
418 1639 496 1704 ergo
510 1617 595 1681 hano
617 1616 700 1682 inter
715 1629 834 1682 ceteras
849 1637 974 1698 rocem,
992 1616 1096 1704 licque
1116 1616 1191 1681 enim
1211 1617 1278 1684 De-

243 1703 539 1790 mosthenisfulmina
554 1715 703 1790 tantopere
718 1703 876 1766 vibrarent
887 1715 901 1744 ²
916 1703 984 1781 itta,
1000 1703 1057 1788 nisi
1068 1703 1197 1767 nummis
1211 1729 1280 1769 con-

246 1802 323 1852 torta
327 1789 488 1876 ferrentur
498 1803 522 1852 ².
562 1789 600 1851 ln
616 1809 682 1874 quo
698 1789 716 1851 st
733 1787 796 1852 hoc
811 1789 964 1852 sentimus
979 1789 1122 1874 rhythmis
1135 1802 1278 1871 contorta,

244 1874 401 1940 distentio.
435 1877 521 1938 Nam
537 1874 677 1960 rhythmi,
694 1887 731 1938 ut
747 1873 827 1950 dixi,
842 1897 947 1960 neque
962 1874 1058 1938 finem
1073 1873 1195 1938 habent
1209 1897 1280 1940 oer-

245 1973 328 2037 tum,
343 1981 403 2025 nec
418 1959 517 2024 ullam
533 1959 566 2023 in
582 1971 735 2023 contextu
749 1959 944 2038 varietatem,
959 1959 1023 2039 sed,
1038 1981 1101 2046 qua
1116 1973 1282 2046 coeperunt

240 2046 425 2110 sublatione
441 2049 501 2109 acb
521 2045 685 2143 positione,
701 2045 742 2108 ad
764 2044 860 2108 finem
875 2045 974 2131 usque
989 2043 1186 2108 decurruuti
1206 2069 1281 2112 ora·

187 2133 233 2216 56
247 2131 293 2194 tio
308 2151 371 2195 non
386 2129 549 2196 descendit
562 2129 603 2194 ad
619 2131 674 2193 stre
698 2128 779 2194 itum
794 2130 983 2218 digitorum.
1028 2129 1089 2192 Idc
1111 2129 1200 2217 quod
1220 2115 1280 2195 Ci-

247 2237 321 2281 cero
335 2216 457 2303 optime
471 2215 568 2296 videt,
584 2237 621 2280 ac
636 2153 767 2279 tedatur
786 2213 981 2303 frequenter,
997 2216 1038 2293 se,
1055 2215 1143 2302 quod
1164 2237 1280 2280 nume-

247 2303 352 2368 rosum
377 2302 424 2384 stt,
440 2323 601 2389 quaerere:
624 2314 662 2365 ut
684 2301 876 2388 magistron
899 2299 1074 2384 ditarunt,
1095 2299 1183 2388 quod
1207 2299 1283 2368 esset

280 2471 288 2495 ⁵
307 2462 348 2511 Sic
358 2463 389 2512 G.
401 2463 464 2511 lens.
476 2473 498 2508 et
508 2461 580 2510 MSS.
594 2471 650 2524 puto
660 2478 738 2508 omnes.
753 2460 793 2509 vel
809 2461 835 2508 in
852 2459 962 2508 membra
968 2461 1014 2505 'orm
1024 2457 1107 2522 reliqui
1122 2459 1149 2506 de
1160 2461 1283 2522 conjet'tura

249 2521 323 2589 liegii.
405 2542 410 2564 τ
431 2539 482 2574 tarn
494 2527 647 2574 immodestos
660 2527 691 2572 G.
708 2527 754 2574 Sed
765 2527 838 2574 etiam
852 2528 876 2570 in
889 2524 1000 2571 molestos
1012 2524 1142 2570 incidimus
1153 2526 1284 2574 Gramma·
1297 2573 1300 2578 Δ

249 2595 318 2650 ticos,
336 2606 439 2653 quorum
457 2594 564 2649 suerunt,
583 2593 626 2652 qui
645 2591 765 2650 membra,
785 2591 851 2638 velut
870 2590 1009 2652 Lyricorum
1029 2585 1078 2634 &a
1098 2589 1152 2651 ooth.
1172 2591 1282 2638 Burman.

251 2657 460 2719 u‘quorumlens
526 2657 710 2716 xquorundam
722 2655 753 2702 G.
807 2663 829 2694 ·t
848 2651 1083 2700 feratursensmule.
1099 2687 1110 2706 ,,
1148 2653 1302 2707 erimarus,

248 2723 337 2769 dicitur
346 2721 409 2769 Jens.
512 2727 522 2750 ¹
533 2721 646 2767 serantur
658 2719 688 2766 id.
785 2717 798 2755 b
815 2717 845 2765 ad
858 2717 999 2780 positionem
1011 2717 1085 2776 ut'que
1097 2715 1126 2764 G.
1140 2717 1284 2778 positionem

250 2787 391 2834 etiamlens.
474 2792 483 2816 ⁸
503 2795 526 2832 et
537 2799 592 2845 quae
603 2786 635 2832 G.
644 2785 708 2832 lens.
758 2833 760 2836 ,
798 2783 809 2812 ⁶
828 2781 1016 2843 dpuhmomredo,
1029 2797 1105 2828 omnes.
1133 2782 1180 2828 Sed
1188 2782 1284 2832 alterurn

250 2851 354 2912 analogia
361 2851 431 2914 poscit
441 2859 587 2911 etperpetrms
599 2850 728 2897 Gruterum
739 2849 797 2911 restes,
808 2862 832 2894 v.
844 2863 867 2907 g.
879 2841 978 2893 (doinst.
990 2847 1096 2892 Aristidis
1112 2861 1131 2892 r.
1143 2861 1169 2907 p.
1182 2861 1220 2906 33.
1245 2849 1285 2896 In.
1300 2866 1303 2878 =

250 2917 315 2960 terim
332 2933 360 2960 ex
373 2916 412 2962 illo
428 2917 566 2977 Atythmon
582 2915 649 2962 etiam
666 2915 727 2976 apud
741 2913 883 2961 Martiarum
903 2909 1018 2972 Capellam
1034 2909 1168 2976 aliquoties:
1185 2913 1238 2978 quin
1244 2915 1284 2978 ste

251 2981 324 3028 editur
334 2981 404 3043 Arss.
416 2981 505 3028 uterer.
519 2995 540 3040 3,
552 2982 610 3039 8,1.

291 3125 332 3173 53.
353 3117 428 3159 totum
445 3106 487 3158 hoc
502 3107 740 3177 constarenumeris]
791 3119 863 3158 tenus
891 3122 977 3174 nempe
1006 3104 1090 3172 paullo
1116 3097 1174 3158 ante
1203 3107 1222 3160 s.
1250 3128 1284 3175 5⁰

254 3178 287 3228 V.
301 3195 328 3255 g.
347 3179 421 3228 Orat.
440 3182 484 3228 60.
505 3175 532 3226 Si
550 3194 665 3228 numerus
684 3193 742 3228 ora·
791 3177 936 3245 rhythmum
953 3174 1075 3234 definivit,
1091 3189 1120 3226 ut
1138 3193 1187 3228 non
1205 3177 1284 3231 solum

254 3246 324 3304 tiones
342 3246 461 3316 queritur
476 3245 517 3315 qui
531 3245 582 3311 fit;
601 3246 741 3314 omnitest:
793 3248 884 3314 pedum
918 3243 1087 3300 colletiiouem
1128 3250 1285 3316 proportione

185 3311 188 3324 ¹
246 3317 295 3385 sed
312 3317 377 3366 alius
395 3316 443 3368 alio
461 3315 545 3367 melior
561 3327 636 3384 atque
651 3315 742 3382 aptior.
793 3317 901 3384 quadam
920 3315 982 3365 iuter
1000 3314 1021 3364 se
1039 3326 1286 3382 temperatorumno.

255 3384 374 3450 Silocus3
391 3384 495 3436 inomni
507 3395 582 3452 parte
599 3384 742 3436 verborum.
793 3379 840 3445 tei,
869 3385 907 3435 sed
937 3383 1004 3434 illam
1032 3385 1165 3438 eorundem
1212 3388 1286 3442 edum

255 3455 327 3514 -ti‚
337 3457 457 3523 adquam
468 3469 520 3506 rern
530 3453 695 3516 adhibentem
711 3454 748 3504 ud
794 3454 1004 3511 continuationem
1029 3454 1075 3506 sme
1097 3465 1165 3506 certo
1186 3406 1235 3510 siue
1254 3461 1286 3512 ad

254 3523 435 3576 deterrumum
445 3547 452 3575 .·
463 3524 497 3589 st,
508 3525 603 3592 quondo
615 3545 621 3586 3
633 3526 745 3592 semper.-
794 3522 917 3585 peresum
928 3523 1003 3590 usque
1014 3524 1053 3574 seu
1068 3525 1230 3578 mutationem
1242 3545 1286 3596 ge.

247 3593 280 3658 fi,
298 3611 343 3662 quo
362 3595 428 3658 loco,
455 3593 481 3645 in
501 3603 553 3644 tota
570 3592 748 3644 continuatione
796 3597 860 3643 neris
881 3605 1081 3661 procurrentem:
1107 3594 1173 3661 quod
1192 3599 1286 3666 optime

255 3664 398 3715 verborum.
796 3680 825 3712 ex
843 3663 1094 3732 tympanotribarum,
1106 3661 1229 3718 frumenta
1242 3667 1299 3718 fla:

294 3743 337 3798 5¹4.
355 3731 485 3802 Virgilius]
507 3732 564 3784 Ecl.
579 3752 610 3798 ·9‚
627 3750 673 3797 45.
693 3733 748 3782 Ho·
797 3731 952 3810 grisantium,
965 3731 987 3780 e't
1007 3746 1160 3792 resumtum,
1172 3752 1237 3802 quos
1255 3739 1288 3790 ad

257 3813 305 3852 rat.
331 3803 382 3853 Od.
407 3821 434 3865 4,
456 3819 481 3861 e,
504 3819 546 3852 rr.
577 3800 661 3871 Neque
683 3802 747 3853 enim
796 3806 814 3850 1.
833 3819 866 3866 45
887 3803 1006 3860 diximus,
1025 3803 1149 3870 rhythmis
1167 3802 1288 3876 intelligi-

258 3871 375 3939 Demostlr.
389 3873 447 3922 Cic.
461 3874 533 3922 Orat.
548 3889 591 3934 70.
792 3882 847 3920 tur.
866 3874 920 3922 Hoc
933 3887 1010 3939 genus
1023 3871 1133 3940 rhythmi
1146 3877 1234 3927 merito
1246 3896 1287 3928 ex·

277 3959 337 4006 .55.
348 3940 374 4008 ſs
391 3941 433 3992 hoc
444 3939 575 4010 sentimur]
596 3941 621 3992 Si
631 3939 698 3992 bunc
711 3938 748 3990 lo-
797 3939 876 3992 cludit
906 3943 936 3990 ah
959 3943 1069 3991 oratioue
1092 3943 1196 4005 Fabius,
1220 3948 1289 4014 qntd

258 4027 315 4060 cum
336 4009 464 4062 Ciceroriis
483 4011 609 4062 itaitneili
630 4011 706 4070 imus,
721 4020 748 4060 ut
797 4027 845 4061 non
868 4011 945 4061 modo
971 4010 1116 4062 suavitatem
1142 4013 1288 4068 habiturum

258 4079 364 4130 numeris·
373 4089 483 4134 emtorta
501 4081 564 4131 idem
579 4029 670 4140 vaieat,
682 4079 748 4146 quod
798 4096 846 4129 non
858 4079 922 4142 esset,
932 4079 970 4131 sed
983 4080 1116 4132 molestiam
1128 4098 1156 4132 ex
1168 4083 1220 4152 ipsa
1231 4089 1289 4138 uni-

249 4147 374 4217 'rhythmis
384 4157 510 4214 contorta,
522 4148 629 4201 dissentit
638 4149 749 4210 Fabius3
798 4147 924 4202 formitate
935 4149 1052 4210 adferret.

259 4231 384 4288 negatque
411 4220 481 4278 adeo,
504 4219 544 4270 hic
568 4217 703 4289 rhythmum
726 4230 752 4268 et
838 4221 879 4283 56.
899 4237 945 4268 non
959 4217 1190 4287 dp'hodmu-ssquam
1207 4222 1290 4280 rhvth.

261 4303 385 4340 erronerum
398 4287 441 4340 esse
452 4305 532 4343 unum
544 4289 675 4358 idemquet
690 4305 751 4356 qua·
764 4347 766 4352 ¹
801 4289 879 4358 mum]
899 4289 938 4339 De
956 4287 1058 4340 teutone
1075 4292 1138 4359 quid
1150 4292 1211 4343 mihi
1224 4283 1292 4344 iide-
