3026 4930
241 481 283 542 94
451 427 520 517 'ru
542 455 670 516 rann
692 453 1043 518 ourucrrmaur

244 636 383 710 acceptae
400 621 534 686 laboret.
580 619 714 686 Faciunt
735 620 790 688 illa
804 645 939 770 puoque
954 620 1133 712 jucundam
1157 617 1276 684 oratio·
1290 607 1331 694 63

245 733 331 785 nem,
354 708 461 794 aliqua
482 707 646 772 mentione
670 707 780 771 habita
825 707 928 795 iſjirre
951 722 985 772 et
1008 706 1168 794 deponere
1193 701 1280 791 apud

244 794 431 860 memoriam
444 791 576 877 judicis,
592 805 625 856 ct
640 794 783 881 reposcere
797 817 870 880 quae
886 793 1079 880 deposueris,
1095 793 1171 878 etse
1192 813 1281 853 arare

244 879 391 968 quaedam
407 878 568 943 schemate
583 877 703 978 aliquo,
720 881 799 963 (non
814 878 901 943 enim
916 880 980 944 estt
1003 878 1068 966 ipsa
1089 899 1146 964 per
1166 805 1196 942 ie
1218 875 1280 940 ire-

243 966 326 1031 ratio
348 965 500 1046 schema)
526 977 561 1028 ct
583 979 713 1052 excepere
736 964 853 1051 aliqua,
876 977 910 1028 et
936 965 1012 1028 dare
1034 962 1152 1028 achoni
1179 960 1281 1026 varios

243 1051 334 1116 velut
357 1049 477 1115 vultus.
523 1049 680 1116 Gaudetu
708 1049 795 1114 eninr
819 1072 871 1114 res
899 1051 1069 1114 varietate:
1104 1061 1137 1112 et
1165 1067 1280 1112 sicui·

243 1137 331 1202 oculi
357 1135 548 1200 diversarum
575 1135 702 1221 aspcdlu
730 1157 835 1199 rerum
862 1136 968 1222 magis
995 1135 1202 1212 detinentur3
1238 1132 1283 1196 ita

244 1223 367 1308 semper
382 1221 520 1285 animis¹
543 1221 665 1307 praestat
676 1231 701 1298 ²,
717 1221 750 1284 in
770 1221 858 1306 quod
873 1221 905 1284 se
928 1221 1017 1286 velut
1039 1240 1158 1286 novum
1174 1220 1281 1282 inten-

245 1309 334 1372 dant.
380 1309 432 1371 Est
458 1307 598 1406 emphasis
621 1305 716 1369 eliam
744 1303 827 1369 inter
852 1305 984 1391 figuras,
1007 1327 1083 1370 cum
1112 1325 1152 1370 ex
1173 1303 1281 1393 aliquo
1295 1299 1338 1382 64

247 1393 335 1460 dian
349 1395 452 1460 latens
466 1391 589 1477 ahquid
603 1391 744 1454 eruitur:
770 1403 806 1455 ut
817 1391 906 1477 apud
920 1391 1111 1480 Virgilium,

333 1511 402 1576 Non
416 1510 502 1575 licuit
516 1509 643 1572 thalami
658 1523 800 1598 expertem
804 1511 874 1600 fine
889 1511 1008 1585 crimine
1021 1511 1136 1598 vilem„
1178 1589 1181 1596 1

332 1595 452 1685 Degere
466 1595 630 1684 moreserae
641 1597 786 1658 ?—-

248 1739 454 1824 Quamquam
479 1733 565 1799 enim
591 1733 632 1797 de
655 1733 860 1798 matrimonio
883 1734 1029 1820 queritur
1050 1734 1282 1815 Dld0,·talnen

247 1823 313 1888 huc
328 1822 434 1908 erupit
446 1820 516 1909 ejus
531 1819 675 1897 effecius,
690 1834 728 1883 ut
743 1821 804 1884 fine
819 1819 968 1884 thalamis
983 1821 1080 1884 vitam
1096 1843 1160 1886 non
1174 1819 1284 1886 homi-

229 1931 326 1972 ·num
352 1919 454 1993 putet,
476 1905 529 1969 sed
553 1903 704 1969 ferarum.
748 1905 848 1970 Aliud
870 1906 956 1992 apud
978 1906 1140 1998 pvidlum
1165 1928 1283 1994 genna,

229 1994 334 2079 -apud
357 2015 455 2081 quem
478 2002 512 2056 et
532 1989 670 2077 Myrrha
694 1991 812 2056 nutrici
834 2011 976 2057 amorem
998 1992 1096 2080 patris
1116 1993 1164 2058 hc
1183 1991 1284 2060 conli-

226 2093 346 2159 vitetur,

377 2232 495 2248 --
513 2195 550 2276 O,
567 2196 655 2276 dixit,
661 2193 783 2285 felicem
798 2193 927 2286 conjuge¹
935 2201 1082 2282 matrem!
1110 2183 1112 2194 ¹

250 2332 340 2398 Huic
356 2330 404 2396 vel
419 2330 567 2410 confinis,
582 2331 631 2395 vel
648 2331 759 2396 eadem
780 2334 833 2412 est,
848 2341 920 2418 'qua-
931 2355 1020 2399 nunc
1038 2335 1162 2399 utimur
1204 2333 1283 2399 luri-
1298 2327 1339 2412 65

251 2441 355 2483 mum.
399 2418 471 2481 Jam
487 2417 573 2480 onim
595 2416 635 2480 ad
650 2417 682 2480 id
704 2440 820 2505 genus,
836 2419 924 2505 quod
946 2433 979 2484 et
999 2419 1158 2510 frequenti
1183 2441 1286 2484 rmum

228 2517 230 2528 '
251 2506 306 2581 cll,
324 2516 357 2567 et
380 2501 549 2652 exipedlari
571 2502 713 2567 maxime
736 2503 843 2582 cred0,
861 2503 1056 2570 veniendum
1079 2507 1145 2570 est:
1164 2505 1205 2604 ln.
1222 2527 1288 2590 quo

443 2609 494 2652 am

252 2609 419 2674 perquam
514 2587 733 2674 suspicionem,
748 2587 836 2673 quod
856 2611 921 2654 non
940 2590 1091 2670 dicimur,
1108 2611 1207 2678 accrpr
1228 2611 1287 2654 vo-

252 2677 380 2740 lumus:
410 2695 474 2736 non
497 2673 612 2774 utique
634 2675 842 2753 eontrarium,
860 2688 898 2738 ut
918 2675 953 2739 in
976 2675 1108 2760 εἰρωνείᾳ,
1123 2675 1176 2742 sed
1200 2675 1289 2741 alind

229 2817 234 2827 .
252 2759 368 2838 latens,
384 2772 418 2822 at
432 2757 569 2823 auditori
585 2759 669 2846 quasi
687 2759 934 2825 inveniendum:
959 2759 1057 2846 quod,
1073 2774 1111 2826 ut
1132 2759 1223 2852 supra
1235 2762 1288 2825 ‘os-

252 2845 355 2923 tendi,
375 2843 442 2930 jam
461 2843 527 2908 fere
546 2844 648 2908 solum
661 2846 782 2930 schemo
807 2867 826 2910 a
849 2847 960 2910 nostris
982 2858 1125 2928 vocatur,
1142 2859 1176 2911 et
1201 2847 1289 2911 unde

254 2927 473 2995 controverfiae
491 2929 646 3016 figuratae
672 2929 835 2994 dicuntur.
880 2930 958 3016 Ejus
988 2930 1102 3016 triplex
1130 2932 1203 2995 ulus
1232 2931 1286 3011 est,
1297 2925 1343 2990 66

235 3015 408 3095 ⁴unua⁸,h
433 3014 539 3078 dicere
565 3013 669 3100 palam
695 3037 805 3100 parum
832 3027 940 3079 tutum
967 3017 1009 3080 est
1023 3039 1032 3093 ;
1061 3016 1151 3094 alter,
1176 3016 1287 3080 sr'non

201 3162 203 3174 ,
254 3101 367 3179 decet3
391 3100 519 3178 tertius,
536 3099 591 3186 qui
615 3101 784 3164 venustatis
805 3101 904 3164 modo
924 3100 1030 3188 gratia
1050 3101 1232 3179 adhibetur,
1256 3114 1290 3166 et
1328 3158 1331 3164 ,

162 3267 165 3290 ,
254 3187 319 3274 ipsa
335 3185 474 3251 novitate
489 3207 526 3250 ac
542 3185 691 3252 varietate
706 3185 821 3274 magis,
837 3207 934 3274 quam
955 3187 975 3250 fi
994 3186 1107 3251 relatio
1131 3188 1168 3251 fit
1189 3189 1287 3268 reela,

288 3410 295 3437 ι
315 3407 357 3454 raa
369 3405 408 3470 anfi
421 3405 450 3452 o.
462 3405 525 3452 rens.
648 3411 659 3436 υ
679 3403 761 3453 areo.
773 3403 866 3451 errem.
879 3371 1103 3468 asraffiommap.
1115 3407 1172 3453 aar.
1183 3407 1290 3466 gaudent

255 3471 288 3519 al.
402 3476 414 3500 ¹
433 3474 529 3518 animm
540 3469 604 3518 Jens.
717 3476 728 3502 ²
749 3470 790 3518 Sic
800 3470 831 3518 G.
841 3469 905 3518 lens.
917 3481 938 3518 er
943 3470 1006 3534 plur.
1017 3481 1056 3534 ap.
1067 3473 1125 3519 Bur.
1135 3474 1247 3534 praestant
1257 3471 1288 3519 al.

155 3557 156 3562 ¹
254 3544 265 3568 ⁸
285 3551 363 3584 unum
373 3534 437 3583 Jens.
508 3559 512 3569 ·

294 3715 337 3776 63.
358 3711 456 3764 Gaudet
472 3709 536 3763 enim
553 3705 605 3778 rer]
625 3713 749 3775 Haecm,
776 3715 863 3766 ‘lien
882 3727 910 3776 4,
933 3729 975 3779 53.
1004 3713 1159 3784 Significatio
1177 3711 1218 3784 est,
1233 3729 1290 3784 peae

259 3782 378 3834 nimirum
397 3780 471 3841 aceio,
488 3785 519 3834 de
537 3799 589 3850 qna
608 3781 685 3834 sermo
707 3783 750 3845 est,
796 3783 852 3851 plus
863 3782 889 3834 in
894 3782 1027 3854 suspicione
1039 3782 1160 3856 relinquit,
1172 3801 1246 3852 quam
1256 3784 1290 3866 'est

255 3853 360 3922 gaudet,
370 3850 751 3918 lartiusefflorel'cit,jncundlor-
800 3851 826 3904 in
837 3854 962 3906 oratione.-
980 3871 1012 3904 ια
1021 3854 1057 3922 ſst
1070 3863 1118 3922 per
1133 3853 1300 3908 exuberatio-s

261 3940 311 3984 que
328 3921 358 3972 fit
374 3919 564 3974 ‘uarietate-er
574 3925 672 3993 semper
685 3931 752 3990 pre·
800 3939 864 3984 nem,
876 3921 1025 3990 ambiguum,
1037 3922 1234 3994 consequentiam,
1246 3923 1291 3974 ab·

252 3991 308 4062 stat
326 3989 416 4042 animis
437 3991 579 4042 auditorum
599 3991 705 4060 aliquid,
726 3991 752 4042 in
791 3992 931 4063 fiiffionem,
943 3989 1143 4058 similitudinem:
1171 4011 1228 4061 quae
1247 3993 1291 4047 de·

230 4121 232 4127 Ι
260 4060 355 4130 quodse
366 4059 541 4112 velutnavum
552 4060 752 4122 intendanmum
801 4063 857 4113 inde
877 4061 971 4132 singula
989 4063 1106 4132 exemplis
1124 4061 1289 4116 declarantur.

260 4131 346 4181 eadem
366 4129 433 4182 adlio
449 4128 558 4181 diversor
578 4129 646 4200 quasi
669 4132 753 4184 vultus
802 4131 906 4200 Virgilii
925 4131 993 4183 locus
1012 4131 1044 4183 est
1063 4149 1090 4195 4,
1112 4151 1173 4200 550.
1203 4124 1292 4188 ovidii

260 4199 380 4252 ostendat.
801 4213 884 4253 autem
896 4203 963 4252 Mel,
979 4216 1021 4262 ro,
1032 4217 1095 4263 422.

300 4273 343 4332 64.
361 4265 487 4336 emphaſss]
510 4269 550 4324 De
566 4287 617 4338 qua
629 4273 655 4330 8,
668 4288 693 4332 a,
708 4288 751 4322 ιι.
837 4273 881 4334 65.
901 4272 1019 4339 utsupra
1038 4269 1135 4342 alendi]
1156 4291 1182 4340 9,
1202 4291 1227 4336 ι,
1247 4289 1290 4338 14.

264 4342 290 4404 8,
316 4357 341 4406 3,
361 4341 404 4404 83.
433 4357 459 4408 9,
481 4357 506 4402 2,
530 4357 572 4393 u.
602 4339 703 4394 Aullcr
721 4339 752 4392 ad
801 4339 875 4394 Add.
889 4357 914 4408 5,
930 4357 972 4403 ιο,
985 4357 1029 4407 70.
1042 4357 1106 4407 Μ,
1119 4344 1164 4396 28.
