2942 4928
255 388 296 468 7⁶
450 437 455 444 .
484 385 1043 452 nr.rnnuou1ucr1c1nn1

249 550 337 617 enim
353 547 451 640 potita
464 550 498 617 in
513 551 721 640 concipienda
734 551 942 640 cogitatione,
956 551 1028 618 haec
1049 551 1082 616 in
1104 553 1275 620 enuntian-

249 639 313 702 da:
335 637 388 702 sed
403 637 649 726 frequentiffime
663 651 804 704 coeunt:
827 651 864 702 ut
879 638 912 702 in
928 639 1001 719 hoc,
1018 637 1191 726 'Jamjnan
1206 639 1276 704 Do·

248 723 375 803 labella,
390 748 480 811 neque
494 723 540 787 tui
551 735 584 801 ⁰¹,
599 747 691 810 acqua
713 733 825 788 tucrum
848 723 982 789 libertlm.
1025 723 1112 786 Nam
1133 723 1234 789 oratio
1256 745 1276 788 a

242 806 355 898 Judice
368 809 482 889 aversa,
496 808 528 872 in
549 806 701 872 sententia
713 833 722 887 ;
735 807 805 896 jam
817 808 888 896 jam
909 821 944 874 et
964 807 1097 886 liberbm,
1113 808 1147 874 in
1169 807 1274 874 verbis

247 893 322 960 sunt
343 894 514 959 schemata.
558 891 647 957 Inter
670 892 824 978 plurimos
847 892 945 972 enim,
963 892 1050 980 quod
1071 892 1178 972 sciam,
1194 916 1272 959 con·
1289 901 1329 970 17

245 979 370 1044 sensum
393 980 446 1058 est,
464 979 542 1043 duas
564 975 633 1066 ejus
658 977 718 1042 esse
740 992 857 1066 partes,
880 976 1009 1053 διανοίας,
1027 976 1060 1044 id
1084 979 1137 1058 est,
1158 979 1273 1060 mentis,

247 1063 300 1128 vel
314 1065 432 1152 sbrffns,
447 1064 498 1128 vel
510 1063 726 1148 sententiarum
739 1088 749 1142 ;
773 1085 846 1126 nam
865 1061 905 1128 iis
919 1063 1069 1132 omnibus
1084 1063 1188 1129 modis
1203 1063 1273 1130 dic·

246 1160 319 1212 tum
341 1149 404 1228 esl3
427 1159 461 1212 et
475 1150 587 1226 λέξεως,
601 1147 634 1212 id
656 1149 709 1228 est,
724 1149 891 1228 verborum,
907 1147 957 1212 vel
978 1147 1123 1228 dictionis,
1138 1149 1190 1216 vel
1211 1149 1241 1213 el
1257 1187 1272 1201 -

246 1234 383 1311 cationis,
401 1233 450 1298 vel
453 1234 610 1320 sermonis,
626 1233 677 1296 vel
692 1233 851 1312 orationis3
875 1253 948 1296 nam
963 1243 996 1298 et
1011 1233 1157 1314 variatur,
1173 1245 1207 1299 et
1221 1233 1271 1300 ni-

245 1315 295 1382 hil
317 1318 422 1382 refert.
466 1317 634 1384 Cornelius
650 1331 755 1382 tamen
773 1315 883 1383 Celsus
897 1315 1007 1404 adjicit
1022 1318 1126 1386 verbis
1147 1332 1181 1384 et
1200 1320 1271 1384 sen·
1287 1309 1326 1378 18

246 1402 356 1468 tentiis
368 1404 497 1490 figuras
519 1403 667 1467 colorum:
696 1403 795 1466 nimia
804 1401 958 1550 ssprofesio
977 1403 1126 1471 novitatis
1145 1403 1271 1503 cupidi-

208 1533 211 1538 *
245 1499 312 1553 tate
326 1487 453 1554 dunas.
496 1488 582 1553 Nam
603 1487 676 1575 quis
692 1487 803 1574 ignora
827 1487 1019 1554 eeruditum
1034 1489 1154 1575 alioqui
1170 1512 1272 1556 vrrum

246 1571 366 1652 credat,
383 1571 504 1638 colores
527 1585 561 1638 et
583 1573 752 1638 sententias
775 1572 917 1638 sensuum
943 1570 1022 1636 else?
1052 1575 1172 1653 Quare,
1194 1576 1273 1640 srcut

245 1680 375 1723 omnem
397 1657 585 1736 orationem,
605 1659 651 1724 ite
672 1657 789 1746 figuras
811 1679 939 1744 quoque
961 1656 1071 1722 versari
1093 1659 1211 1724 neeesse
1228 1661 1272 1726 est

243 1743 278 1808 in
293 1744 391 1821 sensu,
407 1756 440 1808 et
453 1742 486 1808 in
502 1742 616 1809 verbis.
660 1744 709 1808 Ut
722 1765 797 1810 vero
811 1756 923 1808 natura
931 1741 1021 1842 prius
1034 1745 1089 1822 est,
1104 1745 1271 1832 concipere
1286 1759 1323 1826 19

243 1830 350 1894 animo
375 1833 435 1908 r'es,
462 1851 558 1916 quam
582 1827 765 1893 enuntiaret
800 1827 846 1893 ita
867 1827 909 1892 de
930 1828 970 1892 ris
992 1828 1103 1916 figuris
1121 1841 1196 1896 ante
1218 1829 1269 1896 lo·

243 1914 410 2000 quendum
426 1914 481 1994 est,
497 1935 568 2002 quae
582 1913 623 1978 ad
637 1927 781 1978 mentem
795 1912 973 1999 pertinent:
1012 1935 1123 1978 uarum
1138 1913 1271 2002 quidem

240 1997 364 2063 utilitas
379 2019 452 2064 cum
469 2019 599 2085 magna,
617 2010 686 2066 tum
702 1998 795 2066 multi
818 1999 882 2078 lex,
896 1998 930 2062 in
953 2019 973 2062 n
1022 2021 1042 2061 o
1062 2020 1126 2062 non
1148 2001 1269 2068 oratio·

242 2083 293 2148 nis
315 2095 429 2170 opere*
451 2083 615 2148 clarissime
635 2084 753 2151 elucet.
796 2020 897 2163 isam,
914 2083 967 2154 etsr
989 2083 1123 2149 minime
1143 2085 1271 2154 videtur

241 2169 400 2258 pertinere
413 2169 454 2234 ad
472 2169 682 2268 probationem,
697 2191 762 2255 qua
776 2167 878 2256 figura
890 2167 1178 2267 quidqueodicatur,
1192 2169 1270 2236 facit

241 2267 350 2318 tamen
365 2253 627 2354 credibrlia,·quae
642 2253 792 2334 dicimus,
806 2265 840 2318 et
851 2253 884 2319 in
898 2253 1022 2318 animos
1030 2253 1190 2339 judicum,
1205 2278 1270 2343 qua

241 2359 305 2412 non
328 2337 521 2418 observatur,
542 2339 662 2426 rrrepit⁴
705 2339 868 2426 Namque,
889 2358 938 2403 ur
962 2337 995 2402 in
1016 2361 1175 2406 armorum
1197 2363 1267 2406 cer-
1281 2355 1323 2408 πο

241 2423 362 2508 tamine
373 2437 386 2464 ⁰
405 2423 548 2488 adversos
566 2424 663 2503 ibtus,
676 2435 709 2488 et
723 2424 825 2489 renas
839 2445 875 2488 ac
890 2423 1044 2509 srmplices
1066 2447 1178 2489 manus
1192 2448 1267 2492 oum

240 2509 361 2587 videre,
376 2522 445 2575 tum
463 2508 562 2588 ¹etiam
579 2529 689 2574 cavere
705 2530 742 2574 ac
757 2508 934 2607 propulsare
955 2508 1049 2574 facile
1067 2509 1132 2588 ell3
1155 2512 1268 2578 aversae

239 2593 399 2681 teblaeque
432 2593 538 2659 minus
565 2593 638 2658 sunt
670 2593 890 2673 observabrles,
918 2605 952 2658 et
979 2593 1065 2659 aliud
1093 2595 1266 2678 ostendisse,

239 2697 337 2766 quam
352 2693 452 2766 petae,
467 2679 542 2744 artis
556 2680 618 2744 est:
642 2679 683 2744 src
697 2679 810 2756 oratio,
825 2701 898 2766 quae
918 2678 982 2743 astu
1003 2692 1099 2760 earet,
1114 2680 1265 2766 pondere,

239 2764 364 2844 molet,
386 2778 419 2828 et
438 2763 573 2850 impulsu
594 2764 774 2850 praeliatur3
798 2763 968 2843 fimutanti,
989 2763 1184 2852 variantique
1207 2789 1265 2832 co·

238 2859 346 2928 natus,
361 2851 392 2913 iu
407 2849 529 2914 lateret
544 2863 640 2936 atque
655 2850 688 2912 in
705 2863 797 2936 terga
808 2848 968 2913 incurrere
982 2862 991 2888 ¹
1006 2849 1109 2928 datur,
1125 2864 1159 2915 et
1179 2873 1266 2918 anna

239 2946 403 3014 avocare¹,
418 2947 452 3000 et
470 2933 558 3000 velut
575 2947 657 3000 nutu
672 2933 793 3000 fallere.
836 2935 912 3000 Jam
934 2955 1009 3001 vero
1032 2935 1163 3006 affebms
1184 2937 1265 3004 nihil

273 3137 280 3170 ¹
296 3125 338 3186 ‘Sic
349 3139 379 3187 G.
390 3139 453 3188 lens.
465 3150 487 3186 et
492 3139 553 3202 plur.
566 3149 602 3202 ap.
614 3141 671 3188 Bar.
688 3139 769 3188 Nemo
781 3139 822 3202 inst
833 3138 866 3188 as.
961 3142 980 3168 ”¹
1002 3137 1107 3188 Metium
1116 3139 1180 3188 lens.
1196 3149 1265 3190 metu

240 3212 284 3252 tuo
295 3205 326 3250 G.
391 3205 458 3253 nvel
470 3205 509 3270 ‘''fi
522 3206 553 3252 G.
564 3205 626 3252 lens.
690 3211 702 3235 ⁰
719 3203 847 3268 etirfiiid.
911 3208 927 3264 Ρ,
939 3201 1013 3252 modo
1023 3203 1067 3265 G.¹
1128 3201 1220 3255 alatus
1231 3206 1263 3254 G.

240 3273 251 3300 ¹
270 3268 375 3317 incutere
383 3269 447 3318 lens.
511 3286 521 3315 a
536 3271 652 3320 advocare
662 3270 694 3319 G.
703 3269 769 3318 lens,
778 3267 844 3318 male.

238 3421 285 3482 'test
302 3429 346 3482 esse
362 3429 500 3499 anaphora,
510 3429 586 3500 potest
602 3431 730 3503 asyndeton
813 3447 855 3482 20.
873 3431 1089 3499 reatus—manae]
1106 3431 1166 3484 vid.
1180 3451 1206 3498 ς,
1220 3449 1263 3498 ις,

240 3499 281 3552 vel
292 3499 454 3571 polyffiadeton
470 3502 519 3553 bre.
550 3501 596 3553 Sed
614 3502 689 3570 potest
702 3519 729 3552 e·
778 3515 822 3566 54.
835 3499 894 3551 add.
907 3503 973 3564 6.4,
986 3507 1012 3554 8.
1039 3505 1112 3565 Vide,
1123 3519 1198 3572 quam
1215 3504 1263 3555 ele-

240 3571 303 3624 tiarn
313 3569 352 3622 his
364 3587 453 3632 carere,
465 3581 582 3624 ettamen
592 3571 636 3624 esse
647 3571 729 3642 figura
776 3580 863 3649 genter
878 3568 919 3620 hic
936 3587 984 3624 non
1001 3571 1131 3636 describat,
1145 3573 1183 3624 sed
1195 3571 1263 3640 quast

238 3639 375 3693 sententiae.
474 3649 477 3654 '
776 3639 828 3690 rso
839 3638 905 3708 gestu
918 3637 993 3708 srgnet
1006 3657 1056 3702 eas,
1068 3659 1130 3711 quas
1140 3639 1263 3708 fitliones,

280 3713 322 3761 16.
346 3709 411 3773 Jam
426 3708 494 3778 jam,
516 3707 656 3774 Dolabella]
686 3711 727 3762 Ex
768 3657 844 3775 sibber
853 3719 942 3759 vocant
952 3708 1026 3761 nostri
1042 3709 1148 3762 lanistae:
1168 3709 1262 3778 quibus

241 3777 313 3832 verr.
330 3797 354 3840 1,
368 3795 410 3843 30.
428 3780 474 3831 ubi
491 3781 527 3834 ita
543 3797 572 3832 ex
584 3780 659 3831 MSS.
671 3791 726 3832 tum
774 3786 916 3830 avocantur
935 3795 1021 3840 arma,
1042 3778 1070 3831 h.
1090 3797 1114 3832 e.
1134 3779 1263 3832 inducitur

237 3842 370 3904 'ciceronis
397 3858 453 3900 tum
481 3849 565 3910 Fabii,
588 3850 726 3910 Gruterus,
775 3847 935 3908 adversarius,
954 3844 1072 3917 ut,¹duni
1093 3848 1163 3901 alteri
1185 3851 1262 3917 parti,

241 3918 306 3986 Jam
324 3917 392 3986 jam,
420 3917 556 3980 Dolabella,
579 3935 653 3988 neque
676 3919 728 3986 (mc
775 3933 851 3986 quam
862 3913 979 3985 designari
990 3925 1062 3986 putat
1074 3916 1106 3968 ab
1116 3911 1262 3980 adbersario,

239 3987 303 4040 reste
323 4005 353 4039 ex
370 3987 446 4038 MSS.
464 3989 539 4040 etiam
555 3988 627 4040 Fabii
645 3987 727 4040 inserit
775 3983 1116 4055 cavererult,ape1·inteam,
1130 3987 1262 4060 quaetebta

237 4057 375 4126 Graevius)
399 4056 435 4108 toi
457 4073 531 4126 neque
551 4066 646 4107 tuorum
667 4055 727 4108 llbe-
774 4053 855 4106 adhuc
874 4051 964 4114 suerat,
982 4071 1088 4125 quaeque
1105 4066 1202 4108 mutata
1221 4056 1262 4108 su-

239 4133 304 4187 rbm,
314 4143 373 4196 quos
389 4136 415 4176 ru
432 4125 528 4197 miseros
538 4124 564 4176 in
574 4126 675 4196 egestate
685 4135 727 4176 at·
774 4125 829 4176 bito
844 4139 918 4175 manu
937 4124 1039 4192 petitur.
1076 4127 1202 4180 Docuerat
1219 4125 1263 4179 itit

239 4213 285 4266 que
301 4196 327 4246 in
335 4195 467 4268 jbliludlae
485 4193 607 4266 reliqurjlli,
618 4192 727 4267 misereri
774 4193 834 4247 olim
844 4191 970 4246 Salmasius
979 4193 1010 4244 ad
1017 4193 1141 4264 Spartian.
1151 4195 1260 4249 Adriau.

233 4265 316 4337 potest.
762 4281 800 4316 c.
813 4265 854 4315 εὖ.
869 4264 1010 4316 Buuuanoo
1021 4262 1148 4332 laudatus.
