3014 4918
431 433 597 516 rusam.
618 419 821 515 aaaron.
843 426 924 515 tra.
946 432 1014 516 xn.
1038 472 1064 516 1.
1105 493 1109 498 -
1183 471 1241 536 307

213 622 287 690 ‚rum
309 615 503 703 optimarum
528 611 623 702 (nam
636 618 732 684 iidem
755 620 850 686 etiam
873 619 1045 704 prudentes
1066 619 1171 700 erunt)
1190 619 1240 682 in-

215 701 346 780 tentior
369 726 442 787 quae
463 704 597 768 etiamfi
620 705 786 771 lenociniis
810 705 958 770 destituta
982 706 1027 781 sn,
1044 705 1114 768 satis
1134 717 1241 768 tamen

215 802 328 852 natura
350 787 403 852 sna
429 801 577 860 ornatur:
613 809 685 855 nnc
715 790 886 874 quidquam
918 813 981 852 non
1005 790 1127 867 diserte,
1152 787 1243 872 quod

160 868 354 956 31honeste,
370 872 498 938 dicitnr.
543 872 834 958 Querajnveutus,
850 875 917 938 imo
938 875 1041 938 omnis
1064 891 1138 937 aetas
1157 879 1241 956 (ne-

133 1017 139 1040 „
218 958 397 1023 oua-enirn
420 960 517 1025 resta
537 959 690 1024 voluntati
705 959 805 1024 serum
822 960 863 1022 est
886 971 1010 1043 tempus
1030 957 1149 1040 ullum)
1164 957 1242 1020 totis

215 1041 379 1120 mentibus
402 1042 468 1108 huo
486 1043 665 1122 tendamus,
684 1043 714 1106 in
736 1043 821 1106 hoc'u
844 1041 1064 1108 elaboremus:
1087 1042 1184 1115 forsan
1208 1054 1242 1106 et
1276 1081 1279 1088 ·

217 1126 435 1190 consummare
455 1127 632 1212 contingat.
677 1129 760 1190 Nam
784 1129 803 1190 fi
825 1143 935 1190 natura
956 1149 1018 1190 non
1035 1126 1194 1211 prohibet,
1209 1139 1243 1189 et

216 1207 276 1269 esse
298 1211 402 1272 virum
421 1212 554 1290 bonum,
571 1226 604 1276 et
624 1211 683 1276 esse
701 1211 826 1276 dicendi
847 1213 1005 1296 peritum:
1029 1233 1086 1274 eur
1102 1233 1164 1274 non
1181 1210 1241 1274 ali·-

217 1285 289 1375 quis
312 1294 408 1358 etiam
433 1320 515 1362 unus
540 1310 712 1382 utrumque
734 1295 882 1382 consequi
907 1297 1020 1380 possit?
1053 1308 1242 1358 curantem

161 1397 280 1465 ganan
308 1377 339 1440 se
364 1381 495 1464 quisque
517 1380 616 1466 speret
641 1382 708 1444 sore
733 1381 823 1447 illum
847 1381 1009 1466 aliquem?
1034 1380 1087 1442 Ad
1111 1380 1241 1463 quodsi

217 1460 298 1524 vires
319 1463 439 1550 ingenii
462 1489 525 1530 non
548 1467 737 1544 suffecerint,
752 1479 858 1530 tamen
882 1466 1034 1549 adquam
1055 1465 1153 1549 usque
1169 1485 1241 1526 nro-

160 1545 172 1622 ᾗ
215 1544 292 1608 dum
318 1550 565 1633 processerimus,
589 1551 737 1614 meliores
764 1551 881 1614 erimus
910 1571 947 1612 ex
976 1565 1123 1634 utroque.
1161 1547 1250 1618 *Hoc

215 1647 301 1694 certe
315 1634 438 1716 prorsus
454 1645 466 1674 ¹
488 1637 643 1699 eximatur
658 1638 776 1712 anime,
792 1657 895 1698 rerum
911 1634 1154 1717 pulcherrimam
1171 1633 1241 1696 elo·

214 1718 377 1797 quantiam
402 1741 474 1784 cunr
500 1720 585 1782 vitiis
607 1721 723 1784 urentis
742 1719 825 1804 pofl'e
844 1717 978 1782 misceri.
1024 1717 1166 1781 Facultas
1189 1717 1249 1780 di:

215 1801 357 1877 cendi,sr
382 1803 415 1864 in
439 1803 539 1866 malos
562 1806 686 1882 incidit,
707 1818 739 1866 et
759 1805 822 1889 ipsa
837 1803 1013 1889 judicanda
1036 1805 1077 1864 est
1099 1803 1239 1866 nialum:

156 1909 200 1975 33
214 1883 337 1966 pejores
352 1886 438 1962 enim
458 1888 531 1950 illos
545 1887 631 1966 facit,
646 1890 760 1974 quibus
780 1889 939 1973 contingit
952 1900 977 1950 ².
1020 1887 1139 1951 Videor
1160 1887 1242 1950 mihi

121 1965 127 1985 ‘
216 1967 325 2030 audire
348 1971 496 2054 quosdam
521 1978 592 2056 (nec
613 1975 697 2034 enim
720 1974 855 2035 deerunt
876 1994 1040 2055 umquam,
1057 1972 1111 2056 qui
1134 1971 1242 2036 diserti

214 2051 286 2129 effe,
304 2076 400 2138 quarn
416 2051 504 2132 boni,
520 2059 643 2138 malint)
664 2057 716 2119 illa
733 2057 895 2120 dicentes:
920 2056 1009 2120 Quid
1024 2079 1101 2142 ergo
1116 2069 1241 2120 tantum

214 2137 257 2198 est
271 2140 346 2200 artis
362 2140 394 2201 in
413 2139 619 2227 eloquentia?
645 2163 701 2204 cur
719 2141 754 2203 tu
775 2141 814 2204 de
830 2141 1000 2217 coloribus,
1016 2153 1047 2203 et
1063 2141 1241 2203 difficilium

214 2223 386 2300 caussarum
417 2225 630 2306 desenfione²,
660 2227 804 2290 nonnihil
836 2227 931 2290 etiam
963 2226 1002 2288 de
1028 2223 1163 2288 confesso
1188 2225 1240 2288 lo-

171 2332 176 2338 ·
214 2321 334 2390 quntus
350 2332 394 2388 ee,
412 2311 465 2373 nisr
481 2311 652 2398 aliquando
668 2313 714 2375 vis
729 2326 761 2373 et
783 2311 913 2372 facultas
933 2309 1062 2374 dicendi
1081 2313 1241 2396 expugnat

213 2389 311 2474 ipsam
338 2395 525 2460 veritatem?
563 2399 671 2460 Bonus
698 2395 783 2458 enirn
809 2395 856 2458 vir
880 2417 942 2456 non
967 2395 1035 2480 agit
1061 2395 1121 2457 uisr'
1142 2395 1241 2458 bonas

214 2478 346 2540 caussas:
372 2503 425 2542 eas
449 2503 542 2565 porro
564 2483 659 2544 etiam
677 2483 737 2542 srne
753 2480 898 2543 doslrina
916 2478 987 2541 satis
1007 2501 1062 2562 per
1084 2480 1113 2542 se
1133 2493 1242 2544 tuetur

157 2562 325 2650 ,34veritas
347 2563 420 2647 ipsa.
466 2567 594 2630 Quibus
618 2587 691 2651 ege,
708 2569 806 2628 curub
830 2565 870 2626 de
894 2586 965 2626 mec
988 2567 1127 2648 primum
1147 2567 1241 2648 opere

212 2645 411 2792 respondere,
428 2649 523 2712 etiam
546 2673 602 2734 pro
623 2650 699 2713 boni
718 2649 777 2712 viri
791 2648 943 2725 officiati
966 2649 1095 2732 quando
1109 2671 1182 2712 eum
1200 2649 1242 2712 ad

211 2728 251 2815 de
267 2731 423 2810 anfionem
446 2734 725 2798 nocentiumratio
748 2733 908 2809 duxerin,
924 2732 1120 2797 satisfaciam.
1166 2736 1240 2796 Per-

211 2815 367 2878 trastare‘¹
391 2817 490 2891 enim,
503 2841 568 2902 quc
583 2819 679 2882 modo
695 2830 774 2880 aute
796 2839 853 2902 pro
868 2818 960 2892 salhs,
975 2831 1030 2880 aut
1048 2819 1143 2880 etiam
1159 2823 1169 2860 f
1184 2841 1241 2902 pro
1286 2870 1290 2877 .

212 2898 333 2983 injustis
348 2900 517 2986 aliquando
532 2904 666 2980 dicatur,
683 2924 746 2965 non
769 2905 811 2964 est
833 2901 956 2979 inutile,
972 2901 1021 2963 vel
1037 2917 1163 2986 propter
1178 2903 1241 2966 hoc

211 2983 326 3062 solum,
343 2999 380 3048 ut
406 3007 443 3048 ea
469 2986 593 3052 facilius
617 3002 651 3050 et
674 2985 957 3072 deprehendamus,
980 3001 1013 3048 et
1034 2988 1239 3051 retaliamus:

212 3069 483 3155 quemadmodum
521 3072 659 3139 remedia
698 3071 813 3134 melius
849 3071 1025 3148 adhibebit,
1065 3073 1115 3134 eni
1153 3077 1240 3152 ncta,

157 3171 285 3242 35quae
307 3169 434 3233 nocent,
461 3157 589 3220 fuerint.
634 3159 750 3240 Neque
775 3155 861 3218 enim
888 3155 1083 3233 Academici,
1110 3179 1185 3220 cum
1206 3157 1257 3228 in,
1299 3222 1302 3230 ,

212 3252 380 3324 utramque
394 3240 570 3306 disseruntt
591 3256 723 3328 partem,
739 3261 803 3302 non
820 3239 993 3302 secundnm
1014 3241 1169 3308 alteransh
1192 3241 1241 3306 vi·

212 3337 312 3388 vuntr
336 3343 439 3408 neque
456 3327 634 3390 Carneades
648 3326 712 3404 ille,
729 3324 785 3410 qui
800 3325 911 3394 Romae
927 3323 1078 3388 audiente
1092 3327 1243 3390 Censorio

213 3407 337 3470 Catone
352 3411 419 3475 n'on
431 3411 607 3476 minoribus
622 3411 742 3475 viribus
757 3422 868 3472 contra
878 3408 1031 3494 justitiam
1046 3411 1162 3474 dicitur
1177 3411 1241 3475 dis·
1263 3425 1266 3430 '

178 3560 191 3575 p
210 3491 347 3581 seruisse,
361 3515 457 3580 quam
477 3495 578 3581 pridie
600 3517 657 3582 pro
674 3492 795 3582 justitia
816 3494 948 3571 dixerat,
965 3494 1095 3580 injustus
1115 3495 1179 3578 ipse
1194 3495 1243 3560 nir

244 3715 258 3740 ¹¹
277 3712 324 3760 hac
336 3712 367 3760 G.
377 3712 442 3760 Jens.
505 3720 519 3750 ¹
536 3713 619 3774 procul
630 3714 706 3762 exim.
716 3715 853 3762 animorum
865 3713 947 3776 pulch.
959 3713 1000 3762 tid.
1066 3719 1077 3744 ²
1096 3714 1196 3774 contigit
1208 3713 1240 3760 G.

212 3779 225 3805 ⁸
241 3774 416 3826 detentionibus
427 3777 458 3824 G.
541 3779 620 3824 bnon
632 3779 662 3826 G.
691 3827 708 3840 ‚p
744 3781 857 3828 ‘dixerit
868 3781 899 3826 G.
996 3777 1243 3830 dProtrastareleus.

213 3835 404 3922 “etiamseriss
454 3837 521 3889 'o'm.
533 3839 564 3889 G
575 3843 639 3904 Jens.
703 3841 917 3910 ‘dixeruntJeus
983 3843 1125 3888 ¹¹naturam
1138 3842 1169 3889 G.

250 4047 293 4097 35.
312 4035 452 4086 carneades
466 4034 519 4102 ille]
542 4035 605 4104 Rern
618 4035 702 4106 copio-
751 4035 850 4089 Athenis
861 4035 987 4106 legatione,
1000 4052 1073 4104 quam
1086 4034 1194 4104 primum
1207 4037 1242 4090 le-

214 4097 338 4166 seuairat
356 4101 426 4156 Plut.
446 4106 471 4158 in
491 4107 582 4156 Caton.
598 4106 657 4170 maj.
675 4115 701 4174 p.
747 4115 821 4174 gatos
836 4106 874 4158 en'r
890 4105 979 4176 cenfirit
992 4104 1165 4156 distinendae:
1184 4125 1241 4176 quo-

185 4183 188 4190 '
214 4169 277 4237 ⁶39·
299 4173 335 4220 H.
358 4171 442 4242 Steph.
472 4174 584 4226 Breviter
607 4175 704 4230 Plinius
751 4175 820 4226 niam
834 4175 873 4226 illo
893 4174 953 4227 viro
971 4185 1167 4241 argumentante,
1185 4176 1245 4244 qnid

214 4253 242 4300 7,
256 4255 298 4302 30,
310 4239 328 4290 s.
344 4257 385 4304 31,
394 4244 465 4302 ¹cate
477 4242 611 4313 Censorius,
623 4243 649 4293 in
660 4243 704 4296 issa
752 4243 814 4296 vari
833 4244 885 4314 effes
902 4243 971 4296 haud
978 4241 1059 4310 facile
1075 4242 1177 4317 discerni
1188 4247 1243 4316 pos,-
1269 4281 1272 4284 -

212 4304 287 4360 nobili
301 4307 376 4361 trium
384 4309 518 4381 [sapientie
529 4319 657 4382 procerum
670 4311 704 4365 ab
744 4315 813 4382 set..

750 4411 808 4468 Η
