3014 4918
74 422 131 486 gg
242 420 303 482 300

489 407 535 468 M.
556 407 676 468 FABII
697 405 1040 470 QUINCTILIANI

236 582 292 634 aut
311 568 366 634 suo
382 569 450 656 jam
467 569 589 656 impetu
608 569 718 649 fertur,
734 581 789 636 aut
803 571 922 658 majora
937 569 991 636 fibi
1014 571 1131 636 auxilia
1143 594 1183 636 ex
1197 571 1268 660 ipsis

234 655 393 740 sapientiae
407 655 623 742 penetralibus
637 656 735 742 petit:
756 678 852 742 quam
867 657 900 720 in
915 656 1015 720 altum
1031 656 1140 720 simusf
1155 657 1266 737 ablati,

234 739 347 804 sentire
368 740 535 825 coepimus.
579 742 678 805 Nunc
693 741 796 804 coelum
810 742 939 827 undique
960 739 1131 828 errandique
1150 755 1265 828 pontus.

235 825 347 889 Unum
372 825 469 888 modo
493 825 524 886 in
549 823 603 888 illa
625 825 779 889 immensa
803 826 944 890 vastitate
969 847 1095 890 cernere
1111 826 1302 908 *videmur4

234 909 287 974 M.
302 908 459 990 Tullium,
475 909 530 995 qui
545 921 652 973 tamen
664 910 743 1008 ipse,
781 911 905 976 uamvie
924 923 1014 974 tanta
1033 924 1127 996 atque
1149 911 1194 976 ita
1215 911 1264 974 in·

215 994 349 1064 ,structa
368 1017 448 1058 nave
467 993 530 1058 hoc
552 1016 639 1057 mare
664 1017 754 1082 ingre

755 933 827 1074 llus,
844 995 1004 1058 contrahit
1025 993 1105 1071 vela,
1122 995 1264 1060 inhibet-

235 1100 431 1164 queremus,
446 1079 533 1142 etde
549 1078 614 1164 ipso
628 1078 759 1143 demum
775 1101 893 1166 genere
907 1079 1046 1157 dicendi,
1062 1101 1127 1166 quo
1142 1080 1176 1142 fit
1192 1081 1265 1144 usu-

234 1185 289 1227 rus
304 1162 461 1249 perfectus
476 1176 591 1241 orator,
605 1163 679 1227 satis
699 1163 797 1228 habet
815 1161 932 1228 dicere.
975 1163 1023 1227 At
1043 1165 1144 1227 nostra
1163 1177 1265 1229 teme·

234 1248 312 1312 ritas
334 1248 429 1312 etiam
450 1270 556 1311 mores
581 1247 611 1312 ei
634 1247 801 1312 conabitur
821 1247 907 1326 dare,
923 1258 956 1312 et
970 1247 1136 1333 aflignabit
1150 1249 1265 1314 officia.

236 1334 287 1398 Ita
301 1355 360 1398 nec
374 1333 614 1398 antecedentem
630 1333 780 1418 consequi
838 1332 967 1410 isumus,
983 1345 1016 1396 et
1037 1333 1265 1419 longius-eun-

236 1411 317 1484 dum
341 1418 397 1496 est,
422 1431 533 1481 utres
558 1416 648 1480 feret.
693 1417 793 1480 Proba
816 1415 868 1480 ilis
892 1428 998 1480 tamen
1024 1417 1296 1504 cupiditas'ho-·
1407 1479 1412 1502 .

237 1503 407 1580 nesiorum,
423 1514 455 1564 et
478 1501 551 1566 vele
571 1501 697 1566 tutioris
716 1493 856 1566 audaciae
875 1501 918 1566 est
931 1514 1065 1582 tentare,
1079 1503 1195 1589 quibus
1208 1525 1266 1590 pa·

237 1588 338 1652 ratior
353 1587 442 1650 venia
455 1587 510 1648 est.

280 1673 309 1735 1.
332 1671 381 1734 Sit
402 1693 482 1757 ergo
504 1670 596 1736 nobis
621 1683 728 1750 orator,
744 1692 841 1758 quem
863 1668 1054 1735 instituimus
1065 1671 1091 1750 ¹¹,
1112 1670 1150 1749 is,
1170 1672 1226 1759 qui
1247 1695 1268 1737 a

235 1756 289 1822 M.
305 1756 430 1822 Catone
450 1755 568 1835 finitur,
584 1757 636 1819 uir
657 1757 759 1834 bonus,
773 1756 889 1821 eluendi
909 1757 1032 1844 peritus.
1076 1758 1195 1823 Verum
1221 1757 1267 1836 id,

236 1841 324 1927 quod
338 1841 392 1905 ille
407 1840 510 1926 posuit
527 1841 627 1926 priua,
642 1841 758 1905 etiam¹
777 1841 842 1927 ipsa
860 1853 972 1906 natura
991 1838 1098 1927 potius
1113 1863 1150 1905 ac
1164 1841 1267 1941 majus

237 1927 291 2002 est,
307 1925 417 2012 utique
432 1925 484 1989 uir
499 1927 599 1990 bonus.
625 1925 629 1934 '
645 1926 683 1990 Id
697 1948 761 1990 non
776 1947 817 1989 eo
835 1938 975 2004 tantum,
990 1925 1088 2010 quod,
1105 1925 1124 1988 sr
1148 1925 1194 1988 vis
1213 1926 1268 1990 rlla

235 2009 363 2074 dicendi
384 2010 536 2074 malitiam
558 2010 748 2087 instruxerit,
764 2009 845 2074 nihil
865 2010 900 2073 srt
918 2009 1056 2098 publicis
1076 2007 1281 2098 privatisque

236 2096 333 2160 rebus
353 2095 556 2192 perniciosius
579 2095 779 2182 eloquentia¹
794 2119 804 2174 3
834 2093 888 2160 sed
908 2117 965 2159 nos
983 2115 1113 2180 quoque
1127 2095 1194 2180 ipfi,
1210 2095 1267 2181 qui

236 2201 295 2266 pro
308 2179 392 2246 virili
409 2192 496 2267 parte
517 2179 660 2244 conferre
674 2179 796 2266 aliquid
815 2177 856 2242 ad
869 2177 1052 2246 facultatem
1069 2179 1196 2242 dicendi
1210 2202 1265 2244 co·

236 2265 305 2330 nati
326 2266 445 2343 sumus,
472 2263 599 2350 peffime
619 2286 797 2328 mereamur
817 2262 858 2327 de
881 2264 975 2328 rebus
999 2263 1195 2341 humanius
1218 2264 1265 2328 la,

237 2348 322 2414 troni
338 2350 755 2434 comparemusbaecarma,
771 2369 836 2412 non
851 2348 958 2412 militi.
1003 2347 1094 2412 Quid
1114 2347 1301 2413 denobiae
1407 2371 1432 2392 ·'

235 2433 249 2498 l
294 2437 373 2500 nor?
399 2436 517 2498 Rerum
533 2433 595 2518 ipsa
608 2445 719 2500 natura
732 2434 766 2498 in
781 2455 832 2512 eo,
846 2432 935 2519 quod
946 2445 965 2472 ¹²¹
987 2432 1143 2518 praecipue
1158 2431 1265 2496 indul-

238 2519 259 2586 fi
284 2531 324 2584 0¹¹
348 2518 472 2584 homiui
492 2519 629 2598 videtur,
644 2540 771 2604 quoque
794 2539 854 2582 noe
875 2531 919 2580 a⁰
940 2517 1054 2581 ceteris
1075 2517 1267 2582 animalibus

237 2604 394 2690 separasse,
409 2625 472 2668 non
489 2625 613 2689 parens,
630 2604 681 2668 sed
696 2623 830 2667 noverca
847 2601 866 2666 f
883 2602 990 2683 erit‚sr
1010 2600 1193 2666 facultatem
1216 2603 1266 2666 di-

236 2689 346 2769 cendi,
360 2688 475 2753 sociam
494 2688 657 2769 scelerum,
672 2688 831 2754 adversam
852 2686 885 2751 in
909 2686 1057 2766 ocentiae,
1070 2686 1190 2754 hostem
1211 2709 1265 2754 re·
1286 2733 1295 2768 a

271 2907 380 2957 ‘sumus
390 2910 422 2957 G.
433 2909 496 2957 Jens.
575 2913 646 2957 ⁸om.
658 2909 688 2955 G.
700 2907 762 2958 Jens.
828 2905 1100 2955 *constituimuslens
1175 2904 1267 2954 ¹eti'd.

240 2972 595 3042 'eloq.nosqueips1G.Jens.
659 2978 679 3004 ¹¹¹
698 2985 746 3035 quo
757 2969 821 3019 Jens.
886 2969 1045 3018 ”indulsisset
1056 2972 1087 3020 G.
1152 2977 1164 3001 ⁰
1182 2989 1223 3020 om.
1236 2973 1267 3020 G.
1359 3043 1361 3048 Ι

277 3205 303 3252 3.
332 3184 418 3238 calum
440 3184 555 3254 undr'pue]
583 3181 727 3238 emturum
775 3181 875 3248 locutus
893 3181 925 3232 est
943 3181 1053 3244 Fabius3
1079 3198 1124 3232 nec
1143 3183 1208 3234 eninr
1226 3198 1267 3235 re-

238 3257 326 3310 exhor
338 3254 392 3305 loco
403 3255 495 3323 petitur
506 3253 614 3322 Virgilio
625 3255 690 3305 AEn.
701 3271 726 3317 5,
775 3268 825 3302 mos
846 3249 952 3302 inhibent
973 3261 1056 3301 nautae
1080 3251 1106 3300 in
1128 3250 1174 3301 hoc
1198 3251 1266 3312 abiu,

239 3349 266 3392 9,
279 3327 324 3377 ubi
340 3323 441 3393 quidam
458 3323 515 3374 libri
527 3323 588 3373 hanc
601 3321 728 3372 leslionem

239 3397 328 3448 habere
344 3394 478 3456 dicuntnr3
497 3391 549 3452 alii,
561 3389 644 3442 maria
658 3390 728 3440 undi-

240 3483 295 3536 que,
312 3474 336 3516 et
354 3461 457 3531 undique
473 3461 568 3512 calum.
606 3461 641 3511 si.
652 3460 727 3511 MSS.

240 3533 344 3604 Virgilii
370 3543 505 3600 repugnent
534 3529 592 3582 huic
621 3528 728 3589 lectioni,

240 3605 318 3656 nolim
329 3602 409 3654 Fabio
420 3599 469 3652 solo
480 3599 577 3650 auclore
589 3616 641 3650 eam
654 3597 727 3648 tueri.

233 3673 398 3729 'Potest-enim
411 3668 450 3722 ille
462 3670 579 3719 memoria
590 3667 664 3718 salsus
676 3667 729 3728 esse,

238 3744 318 3815 potest
329 3741 404 3794 alium
415 3738 514 3791 alterius
524 3737 605 3790 lucum
617 3736 729 3806 respexis-

239 3816 278 3866 se:
298 3824 327 3864 ut
345 3809 406 3861 adeo
422 3824 470 3859 non
486 3810 568 3875 magis
582 3806 655 3857 liceat
671 3807 729 3856 Vir·

239 3884 332 3954 gilium
350 3878 407 3931 inde
424 3875 560 3937 emendare,
572 3892 647 3943 quam
668 3876 730 3926 Ovi-

216 3955 220 3965 '
240 3955 343 4005 dianum
361 3947 423 4000 illud
440 3943 519 3998 Trisi.
542 3963 566 4006 1,
579 3963 605 4006 2,
618 3963 662 4009 23,
683 3943 729 3995 Ni·
766 3975 770 3984 ι

242 4021 317 4092 biles}
328 4017 371 4084 nist
377 4026 463 4086 pontus
474 4024 498 4065 et
508 4014 564 4065 air.

277 4109 305 4155 4.
322 4087 456 4156 inhibetque
473 4083 561 4148 remos]
586 4081 685 4134 Laudat
700 4081 731 4134 de

239 4163 287 4216 bac
316 4155 423 4210 formula
451 4155 608 4207 Burmannus
631 4151 732 4202 Grono-

241 4233 312 4283 vium
328 4227 389 4278 Obs.
401 4242 429 4288 4,
442 4227 486 4284 26,
499 4223 544 4291 qui
561 4221 635 4273 remis
650 4219 732 4290 legen-

244 4301 305 4354 dum
326 4295 414 4357 curset,
432 4304 457 4347 et
477 4291 613 4363 persuadet,
634 4289 649 4341 si
670 4289 734 4342 recle

776 3320 815 3371 sed
826 3319 900 3371 remis
911 3319 1034 3398 agitandis
1052 3320 1175 3370 contrario
1186 3331 1268 3382 motu,

777 3405 871 3440 navem
887 3387 1003 3447 inhibent,
1020 3405 1049 3438 ne
1067 3388 1148 3440 versus
1170 3407 1267 3458 proram

778 3467 874 3531 pergat,
895 3457 935 3508 sed
957 3469 1022 3508 retro
1039 3469 1079 3508 eat
1102 3459 1127 3508 in
1145 3460 1266 3528 puppim3

777 3525 826 3587 vel,
846 3536 876 3578 ut
893 3523 924 3578 sic
942 3544 973 3595 ap
992 3525 1058 3586 ellat,
1077 3538 1101 3577 et
1122 3527 1201 3578 (latim
1221 3528 1267 3578 sol-

777 3595 856 3648 vendo
868 3606 954 3666 parata
967 3545 1012 3658 sn
1033 3593 1080 3654 vel,
1094 3608 1122 3646 ut
1139 3595 1268 3665 paullatim

778 3665 914 3718 retrocedat
930 3661 992 3734 fuga
1008 3663 1158 3727 honestiore3
1180 3663 1226 3724 vel,
1239 3677 1267 3716 ut

778 3736 898 3803 impetum
915 3735 998 3802 capiat
1013 3735 1128 3800 denique.
1166 3731 1210 3784 Sed
1226 3751 1267 3784 cu-

778 3801 905 3872 piosislune
923 3801 967 3854 ista
982 3819 1089 3872 magnus
1099 3803 1154 3861 uir,
1167 3802 1268 3854 Grono-

779 3891 846 3926 vius.

815 3944 878 4003 1,1.
897 3959 916 3994 a
936 3942 975 3993 M.
989 3939 1092 4004 Cato-ne]
1112 3940 1191 4004 Cujus
1211 3939 1268 3992 sini-

778 4011 871 4063 tionem
889 4011 1023 4062 invertebat
1041 4009 1179 4059 Herennius
1197 4009 1268 4059 Sene·

780 4081 820 4132 cio
843 4082 868 4133 iu
891 4079 1018 4148 Regulum
1040 4077 1133 4138 dicens,
1156 4077 1206 4146 Est.
1222 4076 1270 4129 vir·
1363 4081 1368 4084 ’

779 4147 868 4211 malias,
878 4147 973 4200 dicendi
980 4146 1116 4217 imperitus,
1125 4147 1191 4217 apud
1200 4147 1267 4199 Pliu.

781 4221 831 4288 ΕΡ·
844 4235 871 4281 4,
884 4235 909 4282 7³
923 4235 949 4285 5·
