3020 4918
254 351 312 416 tot
484 341 1043 440 n.nan11-du1ucrrrtnnr

271 535 344 582 unm
366 512 534 580 studiorum
558 515 714 596 hortator,
729 515 927 582 videturesse
942 515 1080 582 secessus.
1127 515 1288 603 Namqne'

247 537 303 668 dra
317 597 392 686 ipsa,
407 623 479 686 quae
495 599 666 679 deledant,
683 599 800 668 necesse
815 603 1026 666 ell'a'tvocente
1045 604 1084 666 ab
1102 603 1278 668 intentione

239 684 349 770 operis
364 683 516 750 destinati.
562 688 679 771 Neque
693 688 779 750 eninr
802 687 831 752 se
845 687 1007 752 bonafide
1020 685 1053 752 in'
1070 688 1171 751 multa
1188 687 1286 754 linr'ul'

239 769 409 836 ¹intendere
424 769 549 834 animus
565 785 669 836 toturn
685 771 782 858 potest
798 798 805 834 ε
831 789 875 849 et,
892 794 1095 864 quocumque
1109 773 1119 811 s
1132 774 1277 856 respexe·
1322 801 1340 814 ’-

243 855 297 932 rit,
314 853 424 920 delinit
438 855 567 935 intueri,
582 855 669 942 quod
684 859 874 943 propositum
889 871 967 922 erat.
1011 859 1119 922 Quare
1132 855 1273 920 silvarum
1290 866 1332 930 24

244 939 422 1018 amoenitas,
437 955 493 1006 ete
508 941 763 1028 praeterlabentia
777 942 919 1022 flumina,
934 941 1165 1028 etinlpirautes'
1181 944 1275 1006 ramis

233 1027 391 1090 ¹ruborum
414 1047 511 1104 aurae,
527 1025 757 1114 volucrumque
771 1043 896 1108 cantus,
912 1039 945 1090 et
966 1027 1030 1114 ipsa
1050 1028 1115 1092 late
1137 1027 1274 1105 circurn-

236 1107 394 1195 ,spiciendi
409 1111 549 1189 libertas,
565 1109 605 1174 ad
620 1110 650 1176 sc
665 1111 817 1179 trabunt:
841 1112 974 1176 utrmibi
988 1111 1151 1180 remittere
1169 1111 1284 1197 potius
1370 1133 1372 1138 ’

242 1193 390 1282 voluptas
417 1195 496 1260 istah
526 1195 668 1260 videatur
697 1195 940 1295 cogitationem,
972 1219 1069 1284 quam
1098 1197 1273 1266 intendere.

242 1280 474 1354 Demosthenes
490 1281 618 1359 melius,
657 1279 689 1344 ui
704 1279 733 1344 se
748 1304 779 1347 tu
803 1281 974 1357 lucun1,'er
993 1304 1058 1366 quo
1074 1283 1162 1346 nulla
1177 1305 1271 1346 exau·
1287 1291 1327 1361 25

228 1363 325 1437 Ῐάἱτὶἰ
342 1387 413 1446 vox,
428 1380 513 1431 etex
528 1389 592 1450 qno
608 1304 689 1428 nibil
710 1365 843 1452 prospici
865 1364 972 1450 nollet,
988 1367 1182 1432 recondebat
1195 1369 1215 1444 ¹,
1233 1391 1274 1432 ne

212 1449 330 1516 'aliud
347 1473 440 1537 agere
460 1466 599 1514 mentem
622 1465 776 1538 cogerent
797 1451 894 1516 oculi.
933 1451 1080 1535 ¹Ideoque
1100 1451 1272 1516 lucubran-

243 1553 302 1616 tes,
331 1536 486 1600 silentium
515 1535 629 1616 noblis,
655 1550 688 1600 et
715 1534 856 1600 clausurn
884 1535 1083 1616 cubiculum,
1110 1537 1270 1600 etlumen

243 1644 344 1684 unum
361 1621 448 1684 velut
463 1619 563 1686 teolos
577 1633 596 1659 ¹²¹
620 1619 758 1684 maxime
775 1633 894 1686 teneat.
938 1619 1003 1684 Sed
1027 1642 1102 1686 cum
1125 1621 1157 1684 in
1183 1621 1271 1686 omni
1286 1616 1328 1680 26

243 1705 416 1782 studiorum
439 1726 567 1792 genere,
590 1719 661 1770 tum
685 1705 719 1768 in
744 1705 806 1769 hoc
829 1703 986 1792 praecipue
1008 1706 1091 1772 bona
1109 1706 1270 1787 valetud0,

169 1825 172 1831 ,
242 1813 379 1878 quaeque
403 1813 471 1853 eam
495 1789 633 1854 maxime
656 1791 789 1876 praestat,
813 1789 989 1880 frugalitas,
1012 1791 1179 1859 necessaria
1203 1794 1270 1856 est:

241 1899 318 1940 eum
340 1889 482 1961 tempora
501 1877 541 1938 ab
563 1875 627 1960 ipsa
649 1897 755 1940 rerunt
780 1891 891 1958 natura
909 1875 948 1940 ad
963 1875 1106 1964 quietern
1121 1875 1271 1944 refediio-

242 1983 379 2047 nemque
398 1959 490 2022 nobis
509 1959 592 2038 data,
609 1959 640 2022 in
665 1962 856 2026 acerrimum
877 1955 1018 2026 laborem
1044 1963 1270 2045 convertimus.

243 2047 305 2112 Cui
327 2061 432 2110 tamen
457 2068 520 2108 non
546 2046 616 2130 plus
640 2045 841 2132 irrogandum
867 2048 920 2126 est,
936 2067 1032 2132 quam
1053 2047 1142 2132 quod
1162 2048 1273 2113 somno
1327 2061 1331 2068 '

239 2130 402 2230 supererit,
420 2129 529 2194 haud¹¹
545 2129 654 2195 deerit.
697 2132 808 2196 Obstat
822 2131 906 2196 enim
922 2131 1097 2218 diligentiae
1115 2131 1270 2198 scribendi
1284 2140 1323 2209 27

240 2233 337 2282 ettam
362 2215 531 2302 fatigatio:
555 2223 608 2278 et⁰
630 2215 767 2294 abunde,
793 2215 812 2279 fi
840 2229 942 2293 vacet,
964 2215 1045 2280 lucis
1068 2217 1163 2304 spatia
1185 2217 1269 2282 suffi-

242 2303 352 2376 ciunt:
379 2313 552 2385 occupatos
576 2299 606 2362 in
633 2302 759 2364 noctem
786 2303 946 2368 neceffitas
966 2299 1047 2386 agit.
1091 2303 1142 2364 Est
1163 2317 1283 2366 tamen·

240 2387 432 2464 lucubrati0,
448 2385 574 2482 quoties
588 2385 626 2448 ad
648 2407 717 2448 eam
734 2387 850 2472 integri
864 2409 901 2450 ac
915 2384 1024 2450 refeeli
1039 2386 1194 2465 verumne,
1210 2410 1281 2473 ορ.Ι
1340 2397 1343 2404 “

238 2473 355 2537 timum
371 2471 482 2534 secreti
500 2493 613 2556 genus,
659 2471 723 2534 Sed
745 2471 900 2536 filentiurn
924 2485 956 2536 et
969 2471 1108 2550 secellus,
1125 2484 1157 2535 et
1172 2473 1267 2538 undi-
1283 2463 1330 2530 28

239 2581 303 2646 que
317 2557 399 2622 liber
413 2556 551 2635 animus,
566 2569 603 2620 ut
626 2555 696 2620 sunt
711 2557 849 2620 maxime
871 2557 1020 2644 optanda,
1035 2557 1080 2622 ita
1101 2579 1167 2620 non
1187 2558 1280 2622 sem-¹

272 2761 535 2819 ‘advoetentmaln
601 2759 676 2822 fqun
687 2761 787 2823 respexit
799 2762 829 2810 G.
840 2759 903 2808 Jens.
967 2760 1084 2811 ‘ora-G.
1149 2761 1227 2822 ”ipsa
1236 2763 1268 2810 G.

240 2826 247 2860 ¹
265 2831 340 2890 audiri
352 2831 383 2876 G.
473 2829 481 2866 ¹
496 2826 653 2874 recumbebat
660 2828 725 2874 lens.
816 2835 833 2856 ’ἢ
853 2825 927 2884 retius
938 2823 969 2872 G.
981 2827 1044 2874 Jens.
1061 2825 1098 2874 rel
1110 2825 1183 2872 etiam
1195 2827 1269 2876 ledus

241 2895 295 2957 συνῇ.
308 2896 387 2940 Burni.
452 2897 464 2921 ¹¹
483 2902 524 2939 aut
536 2891 576 2938 tid.
588 2891 654 2937 male.
718 2898 730 2921 ⁰
748 2889 886 2952 quodJens.

275 3089 319 3136 ²3·
349 3069 467 3134 avocent]
497 3068 591 3138 Lepide
612 3067 729 3120 laudatus
814 3086 828 3118 2
834 3084 858 3134 5.
883 3064 956 3119 velut
974 3067 1058 3130 letias]
1087 3067 1124 3117 Ne
1143 3067 1203 3134 quid
1221 3069 1281 3118 obe

240 3139 312 3192 semel
330 3139 469 3206 iterumque
486 3139 581 3190 Plinius
600 3157 625 3203 9,
646 3141 686 3202 36,
702 3155 725 3188 r.
777 3138 878 3206 strepere
897 3133 967 3204 poffit
986 3135 1078 3193 animo,
1094 3153 1200 3202 eumque
1212 3147 1265 3188 tur-

242 3207 451 3280 Clausaefenejirae
461 3217 573 3258 manent.-
592 3207 655 3257 mire
664 3207 728 3258 enim
776 3207 835 3257 bare
855 3205 894 3256 vel
916 3219 1029 3256 avocare.
1059 3203 1187 3256 Veritlirrra
1209 3206 1281 3258 sunt=

231 3280 327 3347 filcaria
348 3285 372 3328 et
393 3275 497 3328 tenebris
517 3275 614 3326 animus
638 3275 725 3327 alitur.
776 3293 833 3344 quae
844 3273 874 3325 de
885 3273 943 3324 aar
960 3275 1001 3324 hic
1012 3287 1186 3326 commemorat
1198 3275 1280 3326 Bur-t

241 3349 278 3400 Aa
289 3348 319 3398 iis
335 3362 390 3416 qua
406 3354 516 3396 avocant
531 3345 649 3396 abdallas
661 3355 685 3396 et
695 3344 726 3395 li·
776 3359 894 3403 mannus,
909 3343 940 3392 de
957 3342 1052 3410 quibus
1071 3346 1170 3411 agimus
1189 3346 1265 3397 etiarn

239 3413 655 3479 ber‚etmr'lrirelr'llrcs‚nonoculos
670 3413 739 3465 ani-·
775 3415 805 3464 ad
826 3413 894 3465 Plin¹
914 3429 941 3473 7,
955 3429 999 3474 27,
1016 3429 1042 3474 7.
1072 3412 1118 3462 Sed
1153 3414 1203 3464 uod
1222 3417 1278 3470 vix.

187 3489 193 3504 “
240 3507 287 3550 mo,
300 3488 348 3558 sed
364 3484 473 3536 animum
491 3483 563 3535 oculis
573 3485 671 3552 sequor,
686 3483 728 3552 qui
775 3484 848 3534 aliter
863 3481 963 3532 solerent
974 3494 1051 3550 qnam
1070 3482 1097 3533 in
1117 3431 1180 3534 leiim
1196 3501 1265 3534 com·

238 3559 323 3609 eadem
335 3571 389 3625 quae
399 3571 465 3605 mens
474 3553 571 3616 vident,
582 3551 672 3622 quoties
681 3570 742 3604 nore·
775 3553 888 3612 mensuri,
899 3561 928 3602 ut
945 3567 1043 3602 eoenare
1058 3552 1178 3604 nimirum
1189 3565 1213 3602 et
1225 3551 1264 3602 fa.

239 3628 330 3681 vident
338 3625 402 3676 alia.
775 3623 867 3682 bulan,
878 3633 903 3671 et
913 3620 996 3671 omnia
1007 3641 1016 3684 ς
1032 3623 1211 3690 propterquod
1222 3640 1264 3672 cu-

275 3716 319 3762 25.
339 3691 515 3764 Demqlhenes]
536 3693 592 3744 Hoc
609 3691 641 3742 eti
657 3702 740 3752 μιλιι·
774 3690 852 3744 bicula
864 3691 919 3741 sunt
929 3689 1053 3742 Romanis
1061 3707 1090 3741 ea
1100 3691 1174 3742 etiam
1185 3709 1279 3744 mem-i

237 3770 330 3828 euripid
349 3763 410 3815 illud
430 3762 607 3822 Demosthenis,
626 3762 658 3812 de
675 3777 727 3827 quo
776 3761 821 3812 bra
830 3762 931 3820 domus,
942 3757 968 3809 in
982 3759 1074 3828 quibus
1091 3759 1197 3811 interdiu
1210 3779 1279 3812 ver-¹

240 3833 391 3885 Plutarchus
409 3834 435 3883 in
453 3832 504 3882 vita
522 3831 590 3882 illius
606 3849 632 3900 p.
648 3832 741 3894 1556,¹
775 3830 877 3882 sautu-rs
894 3827 950 3880 ideo
966 3846 1014 3880 uon
1031 3839 1093 3898 puto
1103 3828 1144 3880 bic
1156 3827 1212 3882 letti
1225 3845 1264 3881 ta-

239 3903 294 3971 sqq.
309 3903 393 3971 Stepb.
411 3902 455 3952 ubi
466 3913 490 3951 et
508 3901 610 3970 reliquae
620 3901 667 3950 viri
684 3917 726 3949 ex·
776 3899 823 3952 lem
840 3899 988 3951 mentionem
1005 3898 1118 3963 injectam
1142 3917 1158 3949 a
1173 3900 1279 3961 Fabio„

240 3971 395 4022 ercitationes
407 3981 559 4021 enarrantur.
573 3967 740 4036 Addume·
775 3971 869 4038 quippe
889 3983 936 4018 non
947 3966 1117 4032 neceffariarn3
1136 3969 1181 4036 qui
1198 3971 1281 4021 eninr·

245 4059 287 4102 rr,
302 4059 326 4102 3,
342 4059 374 4104 54
386 4053 409 4090 et
422 4043 466 4090 68.
777 4039 803 4089 in
814 4031 917 4089 cubiculo
928 4037 969 4095 est,
981 4035 1080 4098 cubare,
1093 4035 1108 4090 si
1124 4050 1172 4088 non
1184 4037 1264 4090 inam·
1276 4069 1279 4078 ·

277 4129 290 4160 2
296 4127 321 4173 ς.
331 4108 453 4173 sticarium
472 4106 558 4171 nodis]
578 4105 637 4157 Vid.
659 4103 728 4155 loeus
777 4107 858 4168 bulat,
872 4109 897 4158 in
917 4103 979 4158 lello
999 4119 1063 4157 certe
1081 4105 1134 4170 elle,
1149 4107 1268 4176 Romana

239 4177 314 4231 Plinii
334 4179 363 4228 ad
376 4177 394 4229 s.
409 4196 441 4246 ²3
461 4177 613 4230 advocatusr
633 4175 663 4226 it.
675 4176 740 4226 nos·'
778 4176 951 4230 consuetudine
961 4173 1069 4229 ridetur.

240 4263 278 4301 ter
292 4266 333 4310 ro,
347 4251 372 4312 6,
388 4265 412 4300 r.
612 4259 614 4263 ’
885 4259 889 4264 ·

1504 841 1506 926 l

1496 1011 1506 1047 1
