<?xml version="1.0" encoding="UTF-8"?>
<!DOCTYPE html PUBLIC "-//W3C//DTD XHTML 1.0 Transitional//EN"
    "http://www.w3.org/TR/xhtml1/DTD/xhtml1-transitional.dtd">
<html xmlns="http://www.w3.org/1999/xhtml" xml:lang="en" lang="en">
 <head>
  <title>
</title>
<meta http-equiv="Content-Type" content="text/html;charset=utf-8" />
  <meta name='ocr-system' content='tesseract 3.04.00' />
  <meta name='ocr-capabilities' content='ocr_page ocr_carea ocr_par ocr_line ocrx_word'/>
</head>
<body>
  <div class='ocr_page' id='page_1' title='image "./mfabiiquinctili00gesngoog_0091.png"; bbox 0 0 2942 4928; ppageno 0'>
   <div class='ocr_carea' id='block_1_1' title="bbox 419 479 1230 570">
    <p class='ocr_par' dir='ltr' id='par_1_1' title="bbox 419 479 1230 570">
     <span class='ocr_line' id='line_1_1' title="bbox 419 479 1230 570; baseline 0.002 -20"><span class='ocrx_word' id='word_1_1' title='bbox 419 491 586 556; x_wconf 86' lang='lat' dir='ltr'><strong>INSTIT.</strong></span> <span class='ocrx_word' id='word_1_2' title='bbox 608 491 814 553; x_wconf 83' lang='lat' dir='ltr'><strong>ORATOR.</strong></span> <span class='ocrx_word' id='word_1_3' title='bbox 835 479 917 552; x_wconf 81' lang='lat' dir='ltr'><strong>Lrss.</strong></span> <span class='ocrx_word' id='word_1_4' title='bbox 939 493 993 554; x_wconf 85' lang='lat' dir='ltr'><strong>IX.</strong></span> <span class='ocrx_word' id='word_1_5' title='bbox 1016 511 1044 554; x_wconf 84' lang='lat' dir='ltr'><strong>a.</strong></span> <span class='ocrx_word' id='word_1_6' title='bbox 1193 493 1230 570; x_wconf 79' lang='lat'><strong>83</strong></span> 
     </span>
    </p>
   </div>
   <div class='ocr_carea' id='block_1_2' title="bbox 143 649 1352 1260">
    <p class='ocr_par' dir='ltr' id='par_1_2' title="bbox 143 649 1352 1260">
     <span class='ocr_line' id='line_1_2' title="bbox 183 649 1226 746; baseline 0.006 -32"><span class='ocrx_word' id='word_1_7' title='bbox 183 649 295 738; x_wconf 86' lang='lat' dir='ltr'><strong>magis</strong></span> <span class='ocrx_word' id='word_1_8' title='bbox 310 653 412 734; x_wconf 88' lang='lat' dir='ltr'><strong>ardet,</strong></span> <span class='ocrx_word' id='word_1_9' title='bbox 428 679 525 744; x_wconf 88' lang='lat' dir='ltr'><strong>quam</strong></span> <span class='ocrx_word' id='word_1_10' title='bbox 541 657 561 722; x_wconf 81' lang='lat' dir='ltr'><strong>si</strong></span> <span class='ocrx_word' id='word_1_11' title='bbox 577 655 746 738; x_wconf 77' lang='lat' dir='ltr'>diceretur,</span> <span class='ocrx_word' id='word_1_12' title='bbox 762 657 830 722; x_wconf 82' lang='lat' dir='ltr'><strong>Diu</strong></span> <span class='ocrx_word' id='word_1_13' title='bbox 845 657 975 724; x_wconf 81' lang='lat' dir='ltr'><strong>abuteris</strong></span> <span class='ocrx_word' id='word_1_14' title='bbox 992 655 1140 746; x_wconf 80' lang='lat' dir='ltr'><strong>patientia</strong></span> <span class='ocrx_word' id='word_1_15' title='bbox 1160 657 1226 744; x_wconf 86' lang='lat' dir='ltr'><strong>nos-</strong></span> 
     </span>
     <span class='ocr_line' id='line_1_3' title="bbox 183 741 1226 832; baseline 0.005 -31"><span class='ocrx_word' id='word_1_16' title='bbox 183 751 262 803; x_wconf 84' lang='lat' dir='ltr'><strong>tra.-</strong></span> <span class='ocrx_word' id='word_1_17' title='bbox 285 753 330 819; x_wconf 88' lang='lat' dir='ltr'><strong>et,</strong></span> <span class='ocrx_word' id='word_1_18' title='bbox 352 741 463 806; x_wconf 84' lang='lat' dir='ltr'><strong>Patent</strong></span> <span class='ocrx_word' id='word_1_19' title='bbox 490 755 543 808; x_wconf 84' lang='lat' dir='ltr'><strong>tna</strong></span> <span class='ocrx_word' id='word_1_20' title='bbox 568 743 696 827; x_wconf 77' lang='lat' dir='ltr'><strong>confilia.</strong></span> <span class='ocrx_word' id='word_1_21' title='bbox 741 745 979 832; x_wconf 81' lang='lat' dir='ltr'><strong>interrogamus</strong></span> <span class='ocrx_word' id='word_1_22' title='bbox 1004 744 1113 821; x_wconf 89' lang='lat' dir='ltr'><strong>etiarn,</strong></span> <span class='ocrx_word' id='word_1_23' title='bbox 1138 743 1226 830; x_wconf 85' lang='lat' dir='ltr'><strong>quod</strong></span> 
     </span>
     <span class='ocr_line' id='line_1_4' title="bbox 183 823 1227 916; baseline 0.007 -31"><span class='ocrx_word' id='word_1_24' title='bbox 183 823 300 910; x_wconf 79' lang='lat' dir='ltr'><strong>negari</strong></span> <span class='ocrx_word' id='word_1_25' title='bbox 320 848 383 890; x_wconf 90' lang='lat' dir='ltr'><strong>non</strong></span> <span class='ocrx_word' id='word_1_26' title='bbox 400 827 512 913; x_wconf 86' lang='lat' dir='ltr'><strong>poffit:</strong></span> <span class='ocrx_word' id='word_1_27' title='bbox 537 829 665 894; x_wconf 83' lang='lat' dir='ltr'><strong>Dixitne</strong></span> <span class='ocrx_word' id='word_1_28' title='bbox 686 829 806 892; x_wconf 78' lang='lat' dir='ltr'><strong>tandem</strong></span> <span class='ocrx_word' id='word_1_29' title='bbox 821 829 1004 916; x_wconf 76' lang='lat' dir='ltr'><strong>cnnffum&#39;C.</strong></span> <span class='ocrx_word' id='word_1_30' title='bbox 1021 827 1227 894; x_wconf 78' lang='lat' dir='ltr'><em>Fidiculanius</em></span> 
     </span>
     <span class='ocr_line' id='line_1_5' title="bbox 184 909 1226 1002; baseline 0.009 -31"><span class='ocrx_word' id='word_1_31' title='bbox 184 909 349 974; x_wconf 79' lang='lat' dir='ltr'><em>Falcula?</em></span> <span class='ocrx_word' id='word_1_32' title='bbox 370 911 440 978; x_wconf 89' lang='lat' dir='ltr'><strong>Aut</strong></span> <span class='ocrx_word' id='word_1_33' title='bbox 455 914 511 978; x_wconf 92' lang='lat' dir='ltr'><strong>ubi</strong></span> <span class='ocrx_word' id='word_1_34' title='bbox 526 913 734 1001; x_wconf 87' lang='lat' dir='ltr'><strong>respondendi</strong></span> <span class='ocrx_word' id='word_1_35' title='bbox 750 913 888 995; x_wconf 85' lang='lat' dir='ltr'><strong>difficilis</strong></span> <span class='ocrx_word' id='word_1_36' title='bbox 904 915 946 978; x_wconf 92' lang='lat' dir='ltr'><strong>est</strong></span> <span class='ocrx_word' id='word_1_37' title='bbox 965 913 1057 992; x_wconf 89' lang='lat' dir='ltr'><strong>rati0,</strong></span> <span class='ocrx_word' id='word_1_38' title='bbox 1073 925 1110 978; x_wconf 91' lang='lat' dir='ltr'><strong>ut</strong></span> <span class='ocrx_word' id='word_1_39' title='bbox 1126 913 1226 1002; x_wconf 85' lang='lat' dir='ltr'><strong>vulgo</strong></span> 
     </span>
     <span class='ocr_line' id='line_1_6' title="bbox 183 994 1352 1090; baseline 0.008 -35"><span class='ocrx_word' id='word_1_40' title='bbox 183 994 239 1057; x_wconf 86' lang='lat' dir='ltr'><strong>uti</strong></span> <span class='ocrx_word' id='word_1_41' title='bbox 255 994 405 1076; x_wconf 87' lang='lat' dir='ltr'><strong>solemus,</strong></span> <span class='ocrx_word' id='word_1_42' title='bbox 423 994 611 1065; x_wconf 76' lang='lat' dir='ltr'><strong>Quomodo?</strong></span> <span class='ocrx_word' id='word_1_43' title='bbox 632 999 766 1090; x_wconf 82' lang='lat' dir='ltr'><strong>qnifieri</strong></span> <span class='ocrx_word' id='word_1_44' title='bbox 775 998 893 1086; x_wconf 78' lang='lat' dir='ltr'><strong>potest?</strong></span> <span class='ocrx_word' id='word_1_45' title='bbox 915 999 985 1064; x_wconf 85' lang='lat' dir='ltr'><strong>Aut</strong></span> <span class='ocrx_word' id='word_1_46' title='bbox 1006 999 1135 1065; x_wconf 87' lang='lat' dir='ltr'><strong>invidiae</strong></span> <span class='ocrx_word' id='word_1_47' title='bbox 1149 1021 1226 1088; x_wconf 83' lang='lat' dir='ltr'><strong>gra-</strong></span> <span class='ocrx_word' id='word_1_48' title='bbox 1347 1055 1352 1064; x_wconf 70' lang='grc'>,</span> 
     </span>
     <span class='ocr_line' id='line_1_7' title="bbox 143 1079 1227 1176; baseline 0.008 -35"><span class='ocrx_word' id='word_1_49' title='bbox 143 1097 168 1163; x_wconf 90' lang='grc'>9</span> <span class='ocrx_word' id='word_1_50' title='bbox 188 1079 247 1156; x_wconf 87' lang='lat' dir='ltr'><strong>tia,</strong></span> <span class='ocrx_word' id='word_1_51' title='bbox 262 1093 298 1145; x_wconf 92' lang='lat' dir='ltr'><strong>ut</strong></span> <span class='ocrx_word' id='word_1_52' title='bbox 313 1083 432 1149; x_wconf 85' lang='lat' dir='ltr'><strong>Medea</strong></span> <span class='ocrx_word' id='word_1_53' title='bbox 444 1085 530 1170; x_wconf 87' lang='lat' dir='ltr'><strong>apud</strong></span> <span class='ocrx_word' id='word_1_54' title='bbox 544 1087 712 1164; x_wconf 84' lang='lat' dir='ltr'>Senecam,</span> <span class='ocrx_word' id='word_1_55' title='bbox 731 1085 815 1172; x_wconf 79' lang='lat' dir='ltr'><strong>Quas</strong></span> <span class='ocrx_word' id='word_1_56' title='bbox 832 1085 894 1172; x_wconf 83' lang='lat' dir='ltr'><strong>peti</strong></span> <span class='ocrx_word' id='word_1_57' title='bbox 909 1097 1005 1150; x_wconf 77' lang='lat' dir='ltr'><strong>terras</strong></span> <span class='ocrx_word' id='word_1_58' title='bbox 1015 1085 1135 1176; x_wconf 78' lang='lat' dir='ltr'><strong>jubes?</strong></span> <span class='ocrx_word' id='word_1_59' title='bbox 1156 1085 1227 1150; x_wconf 86' lang='lat' dir='ltr'><strong>Aut</strong></span> 
     </span>
     <span class='ocr_line' id='line_1_8' title="bbox 189 1165 1092 1260; baseline 0.01 -33"><span class='ocrx_word' id='word_1_60' title='bbox 189 1165 411 1248; x_wconf 74' lang='lat' dir='ltr'><strong>miserationiS,</strong></span> <span class='ocrx_word' id='word_1_61' title='bbox 427 1185 463 1236; x_wconf 93' lang='lat' dir='ltr'><strong>ut</strong></span> <span class='ocrx_word' id='word_1_62' title='bbox 478 1171 579 1235; x_wconf 89' lang='lat' dir='ltr'><strong>Sinon</strong></span> <span class='ocrx_word' id='word_1_63' title='bbox 594 1171 679 1260; x_wconf 87' lang='lat' dir='ltr'><strong>apud</strong></span> <span class='ocrx_word' id='word_1_64' title='bbox 693 1169 881 1260; x_wconf 85' lang='lat' dir='ltr'><strong>Virgilium,</strong></span> <span class='ocrx_word' id='word_1_65' title='bbox 1090 1200 1092 1206; x_wconf 64' lang='grc'><em>’</em></span> 
     </span>
    </p>
   </div>
   <div class='ocr_carea' id='block_1_3' title="bbox 273 1285 1138 1462">
    <p class='ocr_par' dir='ltr' id='par_1_3' title="bbox 273 1285 1138 1462">
     <span class='ocr_line' id='line_1_9' title="bbox 275 1285 1138 1382; baseline 0.002 -31"><span class='ocrx_word' id='word_1_66' title='bbox 275 1285 348 1352; x_wconf 84' lang='lat' dir='ltr'><strong>Heu</strong></span> <span class='ocrx_word' id='word_1_67' title='bbox 361 1313 432 1382; x_wconf 74' lang='lat' dir='ltr'><strong>quea</strong></span> <span class='ocrx_word' id='word_1_68' title='bbox 444 1315 490 1354; x_wconf 79' lang='lat' dir='ltr'><strong>rna</strong></span> <span class='ocrx_word' id='word_1_69' title='bbox 503 1289 603 1372; x_wconf 78' lang='lat' dir='ltr'><strong>tellus,</strong></span> <span class='ocrx_word' id='word_1_70' title='bbox 619 1291 729 1380; x_wconf 81' lang='lat' dir='ltr'><strong>inquii,</strong></span> <span class='ocrx_word' id='word_1_71' title='bbox 745 1313 815 1378; x_wconf 75' lang='lat' dir='ltr'><strong>qnae</strong></span> <span class='ocrx_word' id='word_1_72' title='bbox 828 1313 873 1354; x_wconf 82' lang='lat' dir='ltr'><strong>me</strong></span> <span class='ocrx_word' id='word_1_73' title='bbox 886 1314 1008 1380; x_wconf 78' lang='lat' dir='ltr'><strong>aeqnora</strong></span> <span class='ocrx_word' id='word_1_74' title='bbox 1018 1289 1138 1377; x_wconf 77' lang='lat' dir='ltr'><strong>poffnni</strong></span> 
     </span>
     <span class='ocr_line' id='line_1_10' title="bbox 273 1373 449 1462; baseline 0.011 -26"><span class='ocrx_word' id='word_1_75' title='bbox 273 1373 419 1462; x_wconf 73' lang='lat' dir='ltr'><strong>Accipere</strong></span> <span class='ocrx_word' id='word_1_76' title='bbox 429 1377 449 1438; x_wconf 68' lang='grc' dir='ltr'><strong><em>ἒ</em></strong></span> 
     </span>
    </p>
   </div>
   <div class='ocr_carea' id='block_1_4' title="bbox 46 1504 1229 1852">
    <p class='ocr_par' dir='ltr' id='par_1_4' title="bbox 46 1504 1229 1852">
     <span class='ocr_line' id='line_1_11' title="bbox 188 1504 1228 1590; baseline 0.006 -22"><span class='ocrx_word' id='word_1_77' title='bbox 188 1504 261 1570; x_wconf 88' lang='lat' dir='ltr'><strong>Aut</strong></span> <span class='ocrx_word' id='word_1_78' title='bbox 285 1505 429 1586; x_wconf 85' lang='lat' dir='ltr'><strong>instandi,</strong></span> <span class='ocrx_word' id='word_1_79' title='bbox 454 1521 487 1574; x_wconf 90' lang='lat' dir='ltr'><strong>et</strong></span> <span class='ocrx_word' id='word_1_80' title='bbox 508 1507 690 1574; x_wconf 81' lang='lat' dir='ltr'><strong>auferendae</strong></span> <span class='ocrx_word' id='word_1_81' title='bbox 715 1507 991 1574; x_wconf 83' lang='lat' dir='ltr'><strong>diflimulationis:</strong></span> <span class='ocrx_word' id='word_1_82' title='bbox 1025 1519 1064 1574; x_wconf 87' lang='lat' dir='ltr'><strong>ut</strong></span> <span class='ocrx_word' id='word_1_83' title='bbox 1088 1507 1228 1590; x_wconf 76' lang='lat' dir='ltr'><strong>Asinius,</strong></span> 
     </span>
     <span class='ocr_line' id='line_1_12' title="bbox 187 1591 1228 1683; baseline 0.005 -29"><span class='ocrx_word' id='word_1_84' title='bbox 187 1592 355 1678; x_wconf 79' lang='lat' dir='ltr'><strong>Andisne?</strong></span> <span class='ocrx_word' id='word_1_85' title='bbox 367 1595 532 1682; x_wconf 65' lang='lat' dir='ltr'><strong>snrirfinm</strong></span> <span class='ocrx_word' id='word_1_86' title='bbox 556 1595 690 1683; x_wconf 80' lang='lat' dir='ltr'><strong>inquam,</strong></span> <span class='ocrx_word' id='word_1_87' title='bbox 715 1619 774 1660; x_wconf 89' lang='lat' dir='ltr'><strong>non</strong></span> <span class='ocrx_word' id='word_1_88' title='bbox 797 1591 986 1682; x_wconf 81' lang='lat' dir='ltr'><strong>inofficiosum</strong></span> <span class='ocrx_word' id='word_1_89' title='bbox 1008 1593 1228 1680; x_wconf 69' lang='lat' dir='ltr'><strong>iestunnninmh</strong></span> 
     </span>
     <span class='ocr_line' id='line_1_13' title="bbox 46 1679 1229 1768; baseline 0.005 -28"><span class='ocrx_word' id='word_1_90' title='bbox 46 1708 50 1714; x_wconf 93' lang='lat'>·</span> <span class='ocrx_word' id='word_1_91' title='bbox 128 1679 438 1764; x_wconf 77' lang='lat' dir='ltr'><strong>roreprehen‘dinns.</strong></span> <span class='ocrx_word' id='word_1_92' title='bbox 482 1681 605 1746; x_wconf 89' lang='lat' dir='ltr'><strong>Totum</strong></span> <span class='ocrx_word' id='word_1_93' title='bbox 626 1681 690 1746; x_wconf 90' lang='lat' dir='ltr'><strong>hoc</strong></span> <span class='ocrx_word' id='word_1_94' title='bbox 714 1681 845 1768; x_wconf 90' lang='lat' dir='ltr'><strong>plenum</strong></span> <span class='ocrx_word' id='word_1_95' title='bbox 871 1681 915 1745; x_wconf 90' lang='lat' dir='ltr'><strong>est</strong></span> <span class='ocrx_word' id='word_1_96' title='bbox 940 1681 1121 1746; x_wconf 85' lang='lat' dir='ltr'><strong>varietatis:</strong></span> <span class='ocrx_word' id='word_1_97' title='bbox 1153 1704 1229 1746; x_wconf 86' lang='lat' dir='ltr'><strong>nam</strong></span> 
     </span>
     <span class='ocr_line' id='line_1_14' title="bbox 190 1762 633 1852; baseline 0.009 -26"><span class='ocrx_word' id='word_1_98' title='bbox 190 1775 224 1826; x_wconf 91' lang='lat' dir='ltr'><strong>et</strong></span> <span class='ocrx_word' id='word_1_99' title='bbox 238 1762 453 1852; x_wconf 83' lang='lat' dir='ltr'><strong>indignationi</strong></span> <span class='ocrx_word' id='word_1_100' title='bbox 471 1765 633 1846; x_wconf 90' lang='lat' dir='ltr'><strong>convenit,</strong></span> 
     </span>
    </p>
   </div>
   <div class='ocr_carea' id='block_1_5' title="bbox 189 1881 1001 2096">
    <p class='ocr_par' dir='ltr' id='par_1_5' title="bbox 189 1881 1001 2096">
     <span class='ocr_line' id='line_1_15' title="bbox 276 1881 1001 1971; baseline 0.004 -25"><span class='ocrx_word' id='word_1_101' title='bbox 276 1915 363 1934; x_wconf 88' lang='lat'><strong>--</strong></span> <span class='ocrx_word' id='word_1_102' title='bbox 373 1883 419 1946; x_wconf 82' lang='lat' dir='ltr'><strong>Et</strong></span> <span class='ocrx_word' id='word_1_103' title='bbox 433 1883 588 1971; x_wconf 67' lang='lat' dir='ltr'><strong>qnisquam</strong></span> <span class='ocrx_word' id='word_1_104' title='bbox 602 1906 711 1948; x_wconf 76' lang='lat' dir='ltr'><strong>nunni</strong></span> <span class='ocrx_word' id='word_1_105' title='bbox 724 1881 852 1948; x_wconf 85' lang='lat' dir='ltr'><strong>Jnnonis</strong></span> <span class='ocrx_word' id='word_1_106' title='bbox 867 1883 1001 1949; x_wconf 76' lang='lat' dir='ltr'><strong>adorat?</strong></span> 
     </span>
     <span class='ocr_line' id='line_1_16' title="bbox 189 2012 465 2096; baseline 0.004 -17"><span class='ocrx_word' id='word_1_107' title='bbox 189 2015 236 2079; x_wconf 91' lang='lat' dir='ltr'><strong>Et</strong></span> <span class='ocrx_word' id='word_1_108' title='bbox 251 2012 465 2096; x_wconf 86' lang='lat' dir='ltr'><strong>admirationi,</strong></span> 
     </span>
    </p>
   </div>
   <div class='ocr_carea' id='block_1_6' title="bbox 276 2135 924 2308">
    <p class='ocr_par' dir='ltr' id='par_1_6' title="bbox 276 2135 924 2308">
     <span class='ocr_line' id='line_1_17' title="bbox 276 2135 924 2225; baseline 0 -25"><span class='ocrx_word' id='word_1_109' title='bbox 276 2169 362 2188; x_wconf 84' lang='lat'><strong>·-—·</strong></span> <span class='ocrx_word' id='word_1_110' title='bbox 376 2136 460 2222; x_wconf 67' lang='lat' dir='ltr'><strong>Quid</strong></span> <span class='ocrx_word' id='word_1_111' title='bbox 473 2159 534 2205; x_wconf 83' lang='lat' dir='ltr'><strong>non</strong></span> <span class='ocrx_word' id='word_1_112' title='bbox 546 2135 687 2202; x_wconf 80' lang='lat' dir='ltr'><strong>mortalia</strong></span> <span class='ocrx_word' id='word_1_113' title='bbox 697 2141 819 2224; x_wconf 70' lang='lat' dir='ltr'><strong>peiiorn</strong></span> <span class='ocrx_word' id='word_1_114' title='bbox 834 2136 924 2225; x_wconf 81' lang='lat' dir='ltr'><strong>cogis,</strong></span> 
     </span>
     <span class='ocr_line' id='line_1_18' title="bbox 276 2221 851 2308; baseline 0.007 -24"><span class='ocrx_word' id='word_1_115' title='bbox 276 2221 565 2308; x_wconf 74' lang='lat' dir='ltr'><strong>Aurisncrnfames</strong></span> <span class='ocrx_word' id='word_1_116' title='bbox 574 2225 722 2288; x_wconf 52' lang='grc' dir='ltr'><strong>ἓ*-</strong></span> <span class='ocrx_word' id='word_1_117' title='bbox 848 2237 851 2243; x_wconf 80' lang='grc'><strong>“</strong></span> 
     </span>
    </p>
   </div>
   <div class='ocr_carea' id='block_1_7' title="bbox 135 2354 1170 2567">
    <p class='ocr_par' dir='ltr' id='par_1_7' title="bbox 135 2354 1170 2567">
     <span class='ocr_line' id='line_1_19' title="bbox 135 2354 835 2446; baseline -0.001 -23"><span class='ocrx_word' id='word_1_118' title='bbox 135 2379 173 2423; x_wconf 92' lang='lat'><strong>11</strong></span> <span class='ocrx_word' id='word_1_119' title='bbox 190 2355 246 2418; x_wconf 88' lang='lat' dir='ltr'><strong>Est</strong></span> <span class='ocrx_word' id='word_1_120' title='bbox 261 2354 390 2422; x_wconf 82' lang='lat' dir='ltr'><strong>interim</strong></span> <span class='ocrx_word' id='word_1_121' title='bbox 406 2357 511 2422; x_wconf 85' lang='lat' dir='ltr'><strong>acrius</strong></span> <span class='ocrx_word' id='word_1_122' title='bbox 526 2357 704 2446; x_wconf 89' lang='lat' dir='ltr'><strong>imperandi</strong></span> <span class='ocrx_word' id='word_1_123' title='bbox 718 2361 835 2446; x_wconf 83' lang='lat' dir='ltr'><strong>genus,</strong></span> 
     </span>
     <span class='ocr_line' id='line_1_20' title="bbox 279 2475 1170 2567; baseline 0 -27"><span class='ocrx_word' id='word_1_124' title='bbox 279 2475 348 2540; x_wconf 90' lang='lat' dir='ltr'><strong>Non</strong></span> <span class='ocrx_word' id='word_1_125' title='bbox 363 2477 630 2563; x_wconf 70' lang='lat' dir='ltr'><strong>armnanpediani,</strong></span> <span class='ocrx_word' id='word_1_126' title='bbox 646 2489 765 2566; x_wconf 79' lang='lat' dir='ltr'><strong>iainque</strong></span> <span class='ocrx_word' id='word_1_127' title='bbox 779 2501 814 2542; x_wconf 79' lang='lat' dir='ltr'><strong>cn</strong></span> <span class='ocrx_word' id='word_1_128' title='bbox 828 2477 1101 2566; x_wconf 78' lang='lat' dir='ltr'><strong>nrbesaquentnr?</strong></span> <span class='ocrx_word' id='word_1_129' title='bbox 1165 2555 1170 2567; x_wconf 35' lang='grc' dir='ltr'>ι</span> 
     </span>
    </p>
   </div>
   <div class='ocr_carea' id='block_1_8' title="bbox 191 2611 1184 2820">
    <p class='ocr_par' dir='ltr' id='par_1_8' title="bbox 191 2611 1184 2820">
     <span class='ocr_line' id='line_1_21' title="bbox 191 2611 1184 2700; baseline 0.004 -24"><span class='ocrx_word' id='word_1_130' title='bbox 191 2612 235 2676; x_wconf 86' lang='lat' dir='ltr'><strong>Et</strong></span> <span class='ocrx_word' id='word_1_131' title='bbox 250 2611 446 2699; x_wconf 79' lang='lat' dir='ltr'><strong>ipsi-nosmet</strong></span> <span class='ocrx_word' id='word_1_132' title='bbox 460 2633 635 2700; x_wconf 82' lang='lat' dir='ltr'><strong>rogamus:</strong></span> <span class='ocrx_word' id='word_1_133' title='bbox 658 2612 752 2700; x_wconf 86' lang='lat' dir='ltr'><strong>quale</strong></span> <span class='ocrx_word' id='word_1_134' title='bbox 767 2611 810 2677; x_wconf 79' lang='lat' dir='ltr'><strong>en</strong></span> <span class='ocrx_word' id='word_1_135' title='bbox 824 2611 924 2679; x_wconf 86' lang='lat' dir='ltr'><strong>illud¹</strong></span> <span class='ocrx_word' id='word_1_136' title='bbox 938 2615 1184 2697; x_wconf 85' lang='lat' dir='ltr'><strong>Terentianum,</strong></span> 
     </span>
     <span class='ocr_line' id='line_1_22' title="bbox 275 2729 629 2820; baseline 0.014 -28"><span class='ocrx_word' id='word_1_137' title='bbox 275 2730 363 2802; x_wconf 39' lang='lat' dir='ltr'><strong>*Quid</strong></span> <span class='ocrx_word' id='word_1_138' title='bbox 375 2729 629 2820; x_wconf 76' lang='lat' dir='ltr'><strong>igiturfuriam?</strong></span> 
     </span>
    </p>
   </div>
   <div class='ocr_carea' id='block_1_9' title="bbox 136 2862 1297 3551">
    <p class='ocr_par' dir='ltr' id='par_1_9' title="bbox 136 2862 1297 3380">
     <span class='ocr_line' id='line_1_23' title="bbox 136 2862 1232 2954; baseline 0.004 -25"><span class='ocrx_word' id='word_1_139' title='bbox 136 2892 177 2942; x_wconf 84' lang='lat'><strong>12</strong></span> <span class='ocrx_word' id='word_1_140' title='bbox 191 2865 246 2929; x_wconf 83' lang='lat' dir='ltr'><strong>Est</strong></span> <span class='ocrx_word' id='word_1_141' title='bbox 260 2863 368 2952; x_wconf 77' lang='lat' dir='ltr'><strong>aliqua</strong></span> <span class='ocrx_word' id='word_1_142' title='bbox 382 2865 479 2930; x_wconf 83' lang='lat' dir='ltr'><strong>etiam</strong></span> <span class='ocrx_word' id='word_1_143' title='bbox 499 2864 531 2928; x_wconf 90' lang='lat' dir='ltr'><strong>in</strong></span> <span class='ocrx_word' id='word_1_144' title='bbox 552 2863 772 2954; x_wconf 81' lang='lat' dir='ltr'><strong>respondendo</strong></span> <span class='ocrx_word' id='word_1_145' title='bbox 795 2863 908 2954; x_wconf 82' lang='lat' dir='ltr'><strong>figura,</strong></span> <span class='ocrx_word' id='word_1_146' title='bbox 925 2887 999 2932; x_wconf 85' lang='lat' dir='ltr'><strong>eum</strong></span> <span class='ocrx_word' id='word_1_147' title='bbox 1021 2862 1110 2932; x_wconf 79' lang='lat' dir='ltr'><strong>aliud</strong></span> <span class='ocrx_word' id='word_1_148' title='bbox 1130 2865 1232 2934; x_wconf 86' lang='lat' dir='ltr'><strong>inter-</strong></span> 
     </span>
     <span class='ocr_line' id='line_1_24' title="bbox 191 2949 1297 3042; baseline 0.005 -27"><span class='ocrx_word' id='word_1_149' title='bbox 191 2953 321 3038; x_wconf 84' lang='lat' dir='ltr'><strong>roganti</strong></span> <span class='ocrx_word' id='word_1_150' title='bbox 345 2951 383 3015; x_wconf 87' lang='lat' dir='ltr'><strong>ad</strong></span> <span class='ocrx_word' id='word_1_151' title='bbox 409 2951 509 3032; x_wconf 84' lang='lat' dir='ltr'><strong>aliud,</strong></span> <span class='ocrx_word' id='word_1_152' title='bbox 530 2950 606 3040; x_wconf 87' lang='lat' dir='ltr'><strong>quia</strong></span> <span class='ocrx_word' id='word_1_153' title='bbox 630 2952 690 3015; x_wconf 84' lang='lat' dir='ltr'><strong>fic¹</strong></span> <span class='ocrx_word' id='word_1_154' title='bbox 715 2949 827 3016; x_wconf 90' lang='lat' dir='ltr'><strong>utilius</strong></span> <span class='ocrx_word' id='word_1_155' title='bbox 851 2952 929 3030; x_wconf 69' lang='lat' dir='ltr'><strong>fitm,</strong></span> <span class='ocrx_word' id='word_1_156' title='bbox 952 2953 1141 3042; x_wconf 78' lang='lat' dir='ltr'><strong>occurritur,</strong></span> <span class='ocrx_word' id='word_1_157' title='bbox 1161 2965 1233 3020; x_wconf 90' lang='lat' dir='ltr'><strong>tum</strong></span> <span class='ocrx_word' id='word_1_158' title='bbox 1296 2957 1297 2960; x_wconf 66' lang='grc'>’</span> 
     </span>
     <span class='ocr_line' id='line_1_25' title="bbox 192 3035 1233 3126; baseline 0.004 -26"><span class='ocrx_word' id='word_1_159' title='bbox 192 3035 335 3124; x_wconf 87' lang='lat' dir='ltr'><strong>augendi</strong></span> <span class='ocrx_word' id='word_1_160' title='bbox 352 3036 496 3101; x_wconf 89' lang='lat' dir='ltr'><strong>criminis</strong></span> <span class='ocrx_word' id='word_1_161' title='bbox 510 3037 626 3124; x_wconf 84' lang='lat' dir='ltr'><strong>gratia,</strong></span> <span class='ocrx_word' id='word_1_162' title='bbox 641 3047 679 3101; x_wconf 91' lang='lat' dir='ltr'><strong>ut</strong></span> <span class='ocrx_word' id='word_1_163' title='bbox 694 3037 779 3100; x_wconf 88' lang='lat' dir='ltr'><strong>testis</strong></span> <span class='ocrx_word' id='word_1_164' title='bbox 802 3035 834 3100; x_wconf 93' lang='lat' dir='ltr'><strong>in</strong></span> <span class='ocrx_word' id='word_1_165' title='bbox 854 3059 944 3102; x_wconf 91' lang='lat' dir='ltr'><strong>reum</strong></span> <span class='ocrx_word' id='word_1_166' title='bbox 965 3051 1109 3126; x_wconf 85' lang='lat' dir='ltr'><strong>rogatus,</strong></span> <span class='ocrx_word' id='word_1_167' title='bbox 1124 3039 1178 3102; x_wconf 87' lang='lat' dir='ltr'><strong>An</strong></span> <span class='ocrx_word' id='word_1_168' title='bbox 1193 3041 1233 3104; x_wconf 87' lang='lat' dir='ltr'><strong>ab</strong></span> 
     </span>
     <span class='ocr_line' id='line_1_26' title="bbox 192 3119 1232 3271; baseline 0.004 -87"><span class='ocrx_word' id='word_1_169' title='bbox 192 3146 241 3184; x_wconf 82' lang='lat' dir='ltr'><strong>reo</strong></span> <span class='ocrx_word' id='word_1_170' title='bbox 254 3119 390 3208; x_wconf 71' lang='lat' dir='ltr'><strong>fastibus</strong></span> <span class='ocrx_word' id='word_1_171' title='bbox 410 3122 607 3271; x_wconf 53' lang='lat' dir='ltr'><strong>vnKnlaffet?</strong></span> <span class='ocrx_word' id='word_1_172' title='bbox 629 3123 698 3185; x_wconf 73' lang='lat' dir='ltr'><strong>En</strong></span> <span class='ocrx_word' id='word_1_173' title='bbox 717 3119 865 3202; x_wconf 82' lang='lat' dir='ltr'><strong>innocens,</strong></span> <span class='ocrx_word' id='word_1_174' title='bbox 884 3121 992 3211; x_wconf 86' lang='lat' dir='ltr'><strong>inquit</strong></span> <span class='ocrx_word' id='word_1_175' title='bbox 1003 3147 1014 3204; x_wconf 83' lang='lat'>3</span> <span class='ocrx_word' id='word_1_176' title='bbox 1039 3133 1108 3188; x_wconf 91' lang='lat' dir='ltr'><strong>tum</strong></span> <span class='ocrx_word' id='word_1_177' title='bbox 1130 3123 1232 3190; x_wconf 88' lang='lat' dir='ltr'><strong>decli-</strong></span> 
     </span>
     <span class='ocr_line' id='line_1_27' title="bbox 192 3206 1232 3295; baseline 0.005 -26"><span class='ocrx_word' id='word_1_178' title='bbox 192 3207 305 3286; x_wconf 82' lang='lat' dir='ltr'><strong>nandi,</strong></span> <span class='ocrx_word' id='word_1_179' title='bbox 321 3207 446 3294; x_wconf 91' lang='lat' dir='ltr'><strong>quode</strong></span> <span class='ocrx_word' id='word_1_180' title='bbox 486 3206 796 3295; x_wconf 85' lang='lat' dir='ltr'><strong>frequentiffimum:</strong></span> <span class='ocrx_word' id='word_1_181' title='bbox 823 3207 944 3288; x_wconf 63' lang='lat' dir='ltr'><strong>oraro,</strong></span> <span class='ocrx_word' id='word_1_182' title='bbox 961 3233 1002 3272; x_wconf 88' lang='lat' dir='ltr'><strong>an</strong></span> <span class='ocrx_word' id='word_1_183' title='bbox 1022 3209 1157 3274; x_wconf 83' lang='lat' dir='ltr'><strong>occideris</strong></span> <span class='ocrx_word' id='word_1_184' title='bbox 1177 3213 1232 3274; x_wconf 84' lang='lat' dir='ltr'><strong>bo-</strong></span> 
     </span>
     <span class='ocr_line' id='line_1_28' title="bbox 193 3291 1235 3380; baseline 0.005 -26"><span class='ocrx_word' id='word_1_185' title='bbox 193 3293 331 3355; x_wconf 78' lang='lat' dir='ltr'><strong>minem?</strong></span> <span class='ocrx_word' id='word_1_186' title='bbox 352 3291 570 3380; x_wconf 87' lang='lat' dir='ltr'><strong>respondetur,</strong></span> <span class='ocrx_word' id='word_1_187' title='bbox 586 3294 758 3358; x_wconf 83' lang='lat' dir='ltr'><strong>Latronem.</strong></span> <span class='ocrx_word' id='word_1_188' title='bbox 802 3293 856 3356; x_wconf 87' lang='lat' dir='ltr'><strong>An</strong></span> <span class='ocrx_word' id='word_1_189' title='bbox 863 3293 1001 3380; x_wconf 82' lang='lat' dir='ltr'><strong>fundam</strong></span> <span class='ocrx_word' id='word_1_190' title='bbox 1014 3317 1080 3358; x_wconf 81' lang='lat' dir='ltr'><strong>occa</strong></span> <span class='ocrx_word' id='word_1_191' title='bbox 1101 3296 1235 3359; x_wconf 77' lang='lat' dir='ltr'><strong>avaris?</strong></span> 
     </span>
    </p>

    <p class='ocr_par' dir='ltr' id='par_1_10' title="bbox 138 3307 1230 3551">
     <span class='ocr_line' id='line_1_29' title="bbox 138 3307 1230 3472; baseline 0.007 -33"><span class='ocrx_word' id='word_1_192' title='bbox 138 3405 178 3472; x_wconf 86' lang='lat'><strong>13</strong></span> <span class='ocrx_word' id='word_1_193' title='bbox 194 3377 412 3468; x_wconf 72' lang='lat' dir='ltr'><strong>respondetur,</strong></span> <span class='ocrx_word' id='word_1_194' title='bbox 428 3379 545 3442; x_wconf 78' lang='lat' dir='ltr'><strong>Mean.</strong></span> <span class='ocrx_word' id='word_1_195' title='bbox 592 3379 640 3444; x_wconf 90' lang='lat' dir='ltr'><strong>Ut</strong></span> <span class='ocrx_word' id='word_1_196' title='bbox 656 3377 880 3442; x_wconf 84' lang='lat' dir='ltr'><strong>confessionem</strong></span> <span class='ocrx_word' id='word_1_197' title='bbox 898 3380 1057 3466; x_wconf 80' lang='lat' dir='ltr'><strong>praecedat</strong></span> <span class='ocrx_word' id='word_1_198' title='bbox 1073 3307 1230 3447; x_wconf 73' lang='lat' dir='ltr'><strong>riefeniior</strong></span> 
     </span>
     <span class='ocr_line' id='line_1_30' title="bbox 193 3461 897 3551; baseline 0.001 -24"><span class='ocrx_word' id='word_1_199' title='bbox 193 3477 232 3527; x_wconf 90' lang='lat' dir='ltr'><strong>ut</strong></span> <span class='ocrx_word' id='word_1_200' title='bbox 246 3461 332 3550; x_wconf 83' lang='lat' dir='ltr'><strong>apud</strong></span> <span class='ocrx_word' id='word_1_201' title='bbox 346 3463 521 3551; x_wconf 85' lang='lat' dir='ltr'><strong>Vrrgrhum</strong></span> <span class='ocrx_word' id='word_1_202' title='bbox 537 3463 570 3526; x_wconf 91' lang='lat' dir='ltr'><strong>in</strong></span> <span class='ocrx_word' id='word_1_203' title='bbox 585 3463 748 3528; x_wconf 89' lang='lat' dir='ltr'><strong>Bucolicis</strong></span> <span class='ocrx_word' id='word_1_204' title='bbox 764 3462 897 3545; x_wconf 87' lang='lat' dir='ltr'><strong>dicenti,</strong></span> 
     </span>
    </p>
   </div>
   <div class='ocr_carea' id='block_1_10' title="bbox 192 3583 1057 3996">
    <p class='ocr_par' dir='ltr' id='par_1_11' title="bbox 280 3583 1057 3760">
     <span class='ocr_line' id='line_1_31' title="bbox 281 3583 1057 3672; baseline 0.003 -25"><span class='ocrx_word' id='word_1_205' title='bbox 281 3583 351 3648; x_wconf 89' lang='lat' dir='ltr'><strong>Non</strong></span> <span class='ocrx_word' id='word_1_206' title='bbox 366 3608 418 3670; x_wconf 83' lang='lat' dir='ltr'><strong>ego</strong></span> <span class='ocrx_word' id='word_1_207' title='bbox 433 3583 542 3648; x_wconf 73' lang='lat' dir='ltr'><strong>invidi</strong></span> <span class='ocrx_word' id='word_1_208' title='bbox 557 3583 715 3664; x_wconf 84' lang='lat' dir='ltr'><strong>Damonis,</strong></span> <span class='ocrx_word' id='word_1_209' title='bbox 726 3583 854 3672; x_wconf 67' lang='lat' dir='ltr'><strong>pqfflme,</strong></span> <span class='ocrx_word' id='word_1_210' title='bbox 868 3597 990 3672; x_wconf 82' lang='lat' dir='ltr'><strong>caprum</strong></span> <span class='ocrx_word' id='word_1_211' title='bbox 1054 3652 1057 3660; x_wconf 61' lang='grc'><strong>,</strong></span> 
     </span>
     <span class='ocr_line' id='line_1_32' title="bbox 280 3664 715 3760; baseline 0.002 -28"><span class='ocrx_word' id='word_1_212' title='bbox 280 3669 428 3760; x_wconf 75' lang='lat' dir='ltr'><strong>Encipere</strong></span> <span class='ocrx_word' id='word_1_213' title='bbox 440 3664 553 3758; x_wconf 73' lang='lat' dir='ltr'><strong>ir&#39;fidiis</strong></span> <span class='ocrx_word' id='word_1_214' title='bbox 567 3671 715 3733; x_wconf 82' lang='lat'>?-·&#39;-·--</span> 
     </span>
    </p>

    <p class='ocr_par' dir='ltr' id='par_1_12' title="bbox 192 3805 1011 3996">
     <span class='ocr_line' id='line_1_33' title="bbox 192 3805 384 3888; baseline 0.021 -16"><span class='ocrx_word' id='word_1_215' title='bbox 192 3805 384 3888; x_wconf 81' lang='lat' dir='ltr'><strong>occurritur,</strong></span> 
     </span>
     <span class='ocr_line' id='line_1_34' title="bbox 280 3923 1011 3996; baseline 0 -6"><span class='ocrx_word' id='word_1_216' title='bbox 280 3925 335 3990; x_wconf 90' lang='lat' dir='ltr'><strong>An</strong></span> <span class='ocrx_word' id='word_1_217' title='bbox 348 3923 422 3992; x_wconf 81' lang='lat' dir='ltr'><strong>mibi</strong></span> <span class='ocrx_word' id='word_1_218' title='bbox 435 3926 583 3992; x_wconf 80' lang='lat' dir='ltr'><strong>cantando</strong></span> <span class='ocrx_word' id='word_1_219' title='bbox 598 3925 697 3992; x_wconf 68' lang='lat' dir='ltr'><strong>&#39;vibius</strong></span> <span class='ocrx_word' id='word_1_220' title='bbox 711 3949 770 3990; x_wconf 86' lang='lat' dir='ltr'><strong>non</strong></span> <span class='ocrx_word' id='word_1_221' title='bbox 783 3926 917 3996; x_wconf 72' lang='lat' dir='ltr'><strong>redderet</strong></span> <span class='ocrx_word' id='word_1_222' title='bbox 929 3923 967 3990; x_wconf 86' lang='lat' dir='ltr'><strong>iil</strong></span> <span class='ocrx_word' id='word_1_223' title='bbox 991 3928 1011 3990; x_wconf 68' lang='grc' dir='ltr'><strong><em>ἒ</em></strong></span> 
     </span>
    </p>
   </div>
   <div class='ocr_carea' id='block_1_11' title="bbox 194 4137 1231 4215">
    <p class='ocr_par' dir='ltr' id='par_1_13' title="bbox 194 4137 1231 4215">
     <span class='ocr_line' id='line_1_35' title="bbox 194 4137 1231 4215; baseline 0.002 -21"><span class='ocrx_word' id='word_1_224' title='bbox 194 4143 544 4194; x_wconf 44' lang='grc' dir='ltr'><strong>ἰαῆίιιιοοὶιιωῦηιαίιμ</strong></span> <span class='ocrx_word' id='word_1_225' title='bbox 579 4137 702 4194; x_wconf 70' lang='lat' dir='ltr'><strong>iidsens.</strong></span> <span class='ocrx_word' id='word_1_226' title='bbox 765 4140 881 4215; x_wconf 73' lang='lat' dir='ltr'><strong>¹on.id.</strong></span> <span class='ocrx_word' id='word_1_227' title='bbox 944 4149 963 4176; x_wconf 81' lang='lat'>¹</span> <span class='ocrx_word' id='word_1_228' title='bbox 983 4145 1015 4195; x_wconf 77' lang='lat' dir='ltr'><strong>sie</strong></span> <span class='ocrx_word' id='word_1_229' title='bbox 1028 4145 1059 4196; x_wconf 86' lang='lat' dir='ltr'><strong>G.</strong></span> <span class='ocrx_word' id='word_1_230' title='bbox 1114 4151 1185 4194; x_wconf 69' lang='lat' dir='ltr'><strong>“nn</strong></span> <span class='ocrx_word' id='word_1_231' title='bbox 1199 4147 1231 4198; x_wconf 76' lang='lat' dir='ltr'><strong>G.</strong></span> 
     </span>
    </p>
   </div>
   <div class='ocr_carea' id='block_1_12' title="bbox 489 4368 945 4526">
    <p class='ocr_par' dir='ltr' id='par_1_14' title="bbox 489 4368 945 4526">
     <span class='ocr_line' id='line_1_36' title="bbox 489 4368 945 4448; baseline 0.004 -25"><span class='ocrx_word' id='word_1_232' title='bbox 489 4387 531 4438; x_wconf 75' lang='lat'><strong>¹³·</strong></span> <span class='ocrx_word' id='word_1_233' title='bbox 550 4371 617 4440; x_wconf 77' lang='lat' dir='ltr'><strong>apud</strong></span> <span class='ocrx_word' id='word_1_234' title='bbox 626 4368 768 4440; x_wconf 74' lang='lat' dir='ltr'><strong>Virgilian]</strong></span> <span class='ocrx_word' id='word_1_235' title='bbox 780 4369 846 4448; x_wconf 61' lang='lat' dir='ltr'><strong>¹lirl.</strong></span> <span class='ocrx_word' id='word_1_236' title='bbox 863 4387 945 4438; x_wconf 79' lang='lat'><strong>3,17.</strong></span> 
     </span>
     <span class='ocr_line' id='line_1_37' title="bbox 682 4473 742 4526; baseline 0.1 -6"><span class='ocrx_word' id='word_1_237' title='bbox 682 4475 706 4520; x_wconf 77' lang='lat' dir='ltr'>G</span> <span class='ocrx_word' id='word_1_238' title='bbox 723 4473 742 4526; x_wconf 79' lang='lat'>2</span> 
     </span>
    </p>
   </div>
   <div class='ocr_carea' id='block_1_13' title="bbox 0 0 1486 4928">
    <p class='ocr_par' dir='ltr' id='par_1_15' title="bbox 0 0 1486 4928">
     <span class='ocr_line' id='line_1_38' title="bbox 0 0 1486 4928; baseline 0 0"><span class='ocrx_word' id='word_1_239' title='bbox 0 0 1486 4928; x_wconf 95' lang='lat' dir='ltr'><strong> </strong></span> 
     </span>
    </p>
   </div>
  </div>
 </body>
</html>
