3014 4918
240 391 302 474 336
462 394 508 458 M.
527 397 651 468 enan
672 389 1021 458 auruc'rlmnru

239 579 424 640 commune,
440 561 473 626 id
486 562 542 641 ost,
558 560 718 648 judicium
733 583 816 640 acre,
832 561 1033 649 tersumqne3
1056 557 1107 624 ite
1122 558 1272 648 ingenio-

237 669 309 712 rum
331 645 477 734 plurimae
499 647 623 712 sormae.
667 649 869 733 Quapropter
883 645 964 710 mihi
985 645 1053 710 salli
1068 647 1206 712 multum
1222 649 1271 712 vi·
1285 663 1324 712 21

237 729 365 810 dentur,
387 733 442 818 qui
464 733 546 798 solos
567 734 627 798 esse
645 733 760 796 Atticos
783 731 919 796 credunt
931 744 1064 809 tenues,
1080 745 1112 794 et
1134 731 1271 815 lucidos,

236 830 271 881 et
294 817 515 910 significantes,
531 819 584 882 sed
605 816 743 903 quadam
767 817 959 903 eloquentia
979 815 1271 903 frugalitate-con-

234 915 353 980 tentos,
367 925 405 968 ac
419 903 541 988 semper
555 925 684 968 manum
700 902 931 990 intrapullium
946 903 1159 966 continentes.
1184 904 1271 968 Nam

235 987 310 1072 quis
324 989 387 1052 erit
398 988 452 1052 hic
468 989 620 1052 Atticus?
642 988 692 1053 Sit
712 988 816 1076 systus
826 1013 836 1066 3
861 987 948 1051 hune
968 988 1054 1052 enim
1066 989 1269 1072 amplettun-

235 1084 310 1136 turs
332 1088 487 1148 amatores
509 1072 595 1138 istius
612 1074 752 1140 nominis
767 1073 912 1138 modum.
956 1074 1035 1136 Non
1048 1073 1072 1114 θ’
1085 1073 1185 1160 igitur
1199 1073 1267 1159 jam

233 1157 333 1244 usque
356 1157 396 1222 ad
425 1161 567 1224 Coccum*
592 1173 627 1223 et
649 1159 834 1224 Andocidem
855 1158 1103 1222 remittemur‘?
1130 1160 1268 1222 Interro-
1283 1177 1325 1228 22

232 1263 311 1328 gare
335 1256 442 1309 amen
466 1244 574 1324 velim,
599 1266 640 1308 an
666 1244 842 1308 Isocratesss
865 1243 970 1306 Attice
998 1243 1139 1308 dixerit?
1174 1244 1270 1308 Nihil

232 1327 318 1394 enim
335 1342 401 1394 tam
417 1331 460 1394 est
476 1331 574 1416 syfiae
586 1329 755 1394 diversum.
793 1329 994 1414 Negabuut?
1018 1329 1064 1390 At
1079 1329 1147 1414 ejus
1162 1329 1269 1394 schola

256 1413 393 1499 rinoipes
425 1427 586 1480 oratorum
614 1414 716 1478 dedit.
761 1413 932 1480 Quaeratur
968 1413 1107 1477 similius*
1133 1414 1268 1499 aliqmd.

232 1436 398 1587 lsyperides
426 1501 577 1564 Atticus?
612 1499 721 1563 Certe.
763 1500 812 1562 At
862 1497 912 1562 lus
941 1497 1069 1560 indulsit
1099 1498 1268 1584 voluptati.

229 1583 368 1650 Transeo
391 1585 559 1670 plurimos,
575 1585 758 1671 Lycurgum,
773 1521 986 1668 Ardogiroaa,
1006 1597 1039 1645 et
1061 1583 1112 1645 his
1131 1584 1263 1668 priores,
1366 1665 1367 1668 Ἴ

229 1669 372 1754 ssaezcmh,
386 1670 619 1758 Antiphontem:
642 1689 723 1755 quoe
745 1682 782 1732 ut
803 1669 961 1744 homines,
986 1666 1069 1731 inter
1092 1669 1123 1732 se
1148 1690 1267 1755 genere

231 1754 358 1835 ssmiles,
373 1754 554 1820 differentes
575 1755 693 1819 dixeris
711 1754 825 1840 specie.
870 1753 960 1820 Quid
982 1752 1155 1840 ille,cujus
1169 1755 1266 1818 modo
1280 1773 1321 1840 23

228 1838 365 1904 fecimus
388 1840 599 1919 mentionem,
626 1841 813 1924 AEsehines?
842 1861 948 1903 nonne
968 1838 1017 1901 bis
1040 1838 1134 1902 latior
1152 1850 1187 1902 et
1208 1861 1266 1904 au-

230 1924 368 2004 dentior,
389 1938 423 1988 et
445 1925 617 1989 excelsiori
646 1925 735 1992 Quid
758 1924 832 1989 deni
858 1947 899 1988 ue
922 1921 1152 2008 Dcowsthenes?
1182 1925 1267 1988 noni

229 2009 363 2074 nuntios
379 2010 450 2074 illos
467 2023 578 2075 tenues
599 2023 632 2074 et
652 2010 825 2095 circumspe
858 2031 906 2087 os,
922 2009 964 2087 vi,
981 2008 1186 2087 sublimitate,
1204 2010 1266 2073 irn-

228 2108 317 2182 petu,
342 2095 444 2176 cultu,
465 2096 691 2182 composrtione
712 2094 891 2181 superavit?
916 2115 981 2156 non
1002 2095 1138 2180 insurgit
1159 2092 1263 2158 locis?

228 2203 295 2244 non
317 2181 335 2244 fi
364 2181 428 2244 uris
449 2181 592 2268 gaudet?
617 2203 681 2244 non
703 2180 958 2244 translationibus
976 2177 1082 2242 nitet?
1108 2201 1171 2241 non
1189 2197 1264 2242 ora·-

228 2265 318 2330 tione
338 2205 413 2330 ieta
434 2261 488 2330 dat
514 2266 719 2330 carentibus*
742 2267 876 2328 vocem?
910 2286 974 2327 non
998 2263 1081 2327 illud
1100 2261 1263 2350 jusjuran-
1277 2285 1322 2350 24

228 2351 308 2416 dum
327 2373 383 2437 per
405 2349 502 2415 caesos
521 2352 555 2415 in
571 2351 762 2414 'Marathone
780 2372 817 2414 ao
840 2349 992 2413 Salamine
1015 2361 1265 2434 propugnatores

227 2437 427 2522 reipublicae,
442 2435 515 2500 satis
529 2436 695 2500 manifesto
710 2435 806 2500 docet
827 2446 1053 2520 praeceptorem
1071 2433 1139 2519 ejus
1157 2433 1265 2498 Plato-

227 2547 295 2593 nem
320 2521 433 2586 fuisse?
469 2522 580 2586 Quem
610 2520 711 2620 ipsum
740 2543 819 2584 num
846 2519 993 2605 Astacum
1021 2518 1264 2604 appellabimus,

227 2608 418 2696 plerumque
433 2606 586 2673 instinsiis
600 2606 709 2672 divino
723 2605 834 2692 spiritu
849 2605 973 2670 vatibus
988 2603 1236 2690 comparandum
1251 2608 1262 2669 l

229 2692 321 2760 Quid
348 2692 511 2756 Periclea?
541 2692 715 2758 similemne
739 2689 899 2755 credimus
923 2689 1056 2775 Iystocae
1079 2689 1264 2776 gracilitati,

251 2801 327 2844 uem
352 2777 543 2842 fulminibus
566 2789 600 2840 et
622 2776 741 2841 coelesti
769 2775 887 2863 fragori
914 2790 1098 2860 comparant
1124 2775 1262 2854 Comici,

227 2802 307 2930 dum
331 2863 380 2927 illi
406 2862 672 2927 conviciantur¹l
698 2861 789 2927 Quid
815 2861 890 2924 esti
918 2861 992 2941 itur,
1008 2883 1066 2924 cur
1085 2861 1119 2923 in
1142 2861 1182 2924 iis
1206 2861 1262 2925 de·
1275 2877 1316 2948 25

226 2971 331 3028 mum,
348 2947 405 3035 qui
419 2947 507 3012 tenui
522 2946 636 3012 venula
657 2951 712 3032 per'
730 2945 870 3010 calculos
890 2884 1006 3025 suunt,
1021 2945 1156 3010 Atticum
1166 2947 1261 3032 sopo-

226 3059 289 3099 rem
313 3035 450 3118 putent?
480 3031 525 3096 ibi
551 3032 680 3096 demum
705 3031 833 3114 thymum
855 3030 984 3093 redolere
1008 3031 1143 3114 dicant?
1169 3032 1263 3097 Quos

226 3141 289 3206 ego
304 3117 495 3196 existimas
511 3117 598 3203 quod
613 3117 647 3180 in
661 3116 712 3180 his
727 3115 845 3180 finibus
867 3115 997 3179 uberius
1012 3114 1191 3179 invenerint
1211 3115 1260 3178 so·

226 3203 309 3282 lum,
323 3200 551 3266 fertilioremve
572 3202 724 3288 segetem,
741 3214 912 3286 negaturos
931 3200 1066 3264 Atticam
1086 3199 1157 3276 esse,
1171 3199 1262 3285 quod

225 3288 310 3376 plus,
326 3307 422 3371 quam
444 3287 612 3371 acceperit,
627 3285 755 3352 seminis
770 3285 893 3364 reddat,
906 3279 982 3370 quia
1002 3285 1086 3348 hanc
1110 3283 1178 3370 ejus
1195 3298 1259 3348 ter·-

225 3397 270 3438 rae
292 3370 388 3436 fidem
409 3371 582 3436 Menander
600 3370 713 3436 eludit.
758 3372 871 3457 ltaque
893 3370 914 3432 fi
937 3369 1009 3455 quis
1031 3390 1118 3434 nunc
1141 3369 1183 3434 ad
1206 3392 1259 3434 eas
1273 3374 1315 3442 26

257 3558 456 3622 ‘ampledtimur
467 3558 498 3606 G.
564 3555 651 3605 dria
662 3556 706 3619 leg.
718 3556 797 3604 Num.
861 3555 987 3603 ‘Cocum
999 3557 1078 3619 Kapp.
1151 3553 1260 3604 fremit·

225 3632 305 3674 tentur
316 3625 347 3671 G.
422 3622 633 3670 rSocratesJens.
709 3619 864 3668 hlscumG.
876 3622 1002 3668 calseum.
1077 3617 1256 3668 lnonnelens.

224 3689 237 3722 t
256 3687 391 3736 tacentibus
402 3689 432 3736 G.
443 3689 506 3734 lens.
519 3699 540 3734 er
551 3686 661 3752 plerique.
679 3685 816 3733 carentibus
826 3685 913 3746 primus
929 3685 988 3750 quod
999 3683 1132 3749 obfirvarim
1145 3685 1256 3748 Vascrfien·

228 3755 330 3818 1542.f.
342 3753 533 3818 qucmfiquuntur
543 3751 594 3799 alii.
661 3749 665 3786 l
684 3750 851 3798 convicientur
861 3749 893 3797 id.

260 3922 304 3956 21.
322 3917 422 3953 manum
432 3899 502 3952 intra
513 3897 631 3969 pallium]
653 3897 714 3950 Vid.
765 3914 809 3949 cus
821 3894 1001 3962 comparandus
1012 3895 1054 3948 ess.

224 3974 298 4043 supra
316 3988 397 4034 11‚3‚
412 3974 471 4034 138.
801 3984 845 4030 24.
862 3966 924 4018 illud
931 3963 1121 4035 jusjurandum]
1147 3964 1208 4016 Vid.
1229 3985 1257 4032 9,

262 4058 308 4092 ιιι
324 4040 333 4090 i
351 4039 389 4092 ius
403 4037 503 4090 norninis
514 4037 620 4102 morsum]
640 4038 715 4089 Men·
765 4053 791 4096 2,
805 4039 848 4088 62.
870 4055 910 4095 11,
925 4055 949 4099 3,
965 4039 1024 4086 168.
1056 4033 1121 4086 lllud
1139 4035 1170 4085 de
1186 4035 1256 4088 Peri-

223 4113 305 4165 snram
326 4109 407 4160 omnis
429 4109 492 4173 ejus,
516 4107 583 4176 quod
609 4107 715 4158 Atticum
763 4105 809 4160 elis
829 4104 978 4157 fulminibus
1002 4103 1152 4156 illustramus
1175 4105 1207 4156 ad
1228 4123 1256 4167 a,

221 4179 307 4234 vocari
327 4180 425 4238 debeat,
445 4179 515 4236 aiunt
537 4175 581 4228 esse
604 4176 712 4246 Lysiam.
765 4178 807 4236 1⁶,
821 4194 863 4242 19.
1037 4236 1041 4245 Ι

223 4254 348 4304 Caeterum
367 4246 489 4298 simillima
506 4249 558 4298 hac
579 4246 713 4315 disputatio
798 4262 812 4294 2
817 4263 842 4309 ς.
860 4253 934 4295 terrae
942 4242 1034 4310 fidem]
1053 4242 1123 4296 Fides
1133 4252 1202 4297 certa
1211 4243 1256 4314 se-

221 4319 350 4376 Tullianae
368 4319 394 4369 in
411 4319 516 4370 Oratore
532 4335 557 4370 c.
571 4335 597 4384 9,
615 4316 661 4386 qui
676 4314 712 4368 lo·
756 4313 822 4384 getis
841 4315 908 4384 apud
929 4315 1021 4369 Horat.
1040 4315 1091 4367 Od.
1112 4315 1254 4380 3‚16,30,
