3014 4918
443 377 627 440 vINSTIT.
645 375 854 462 ORATOR.
876 375 959 438 ΜΒ.
979 375 1048 438 ΧΠ.
1068 395 1099 457 9.
1224 393 1284 460 327

240 537 435 630 pgnitione¹
459 544 477 624 s
505 566 546 608 na
569 543 752 629 frequenter
778 538 944 606 invenies:
974 563 1062 692 sluae,
1087 538 1169 606 nisi¹
1194 539 1311 624 domi,

239 623 423 710 excusseris,
438 628 469 692 in
479 567 556 694 soro
580 625 742 716 inopinata
755 625 940 712 decipient:
964 648 986 713 p
1000 627 1097 713 usque
1119 626 1282 694 nocebunt

242 709 402 794 destituta,
419 739 516 802 qnam
544 737 607 778 non
632 713 778 801 promissa
800 711 986 778 nocuissent.
1031 711 1139 778 Multa
1167 711 1277 794 etiarn,

191 798 193 802 ’
241 818 313 884 quae
329 799 472 886 litigator
486 799 566 864 nibil
582 799 623 876 ad
639 797 772 875 caussam
794 797 951 884 pertinere
973 795 1155 876 crediderit,
1169 811 1277 883 patro·

240 905 302 946 nus
326 896 450 965 eruet³,
475 886 572 950 modo
596 905 652 972 per
676 905 800 963 omnes,
823 905 905 969 quos
931 883 1122 948 tradidimus
1134 885 1162 964 b,
1177 907 1276 974 argu·

188 979 230 1043 14
241 983 423 1034 mentorum
446 971 535 1036 locos
558 984 630 1035 eat:
655 992 736 1056 quos
754 981 792 1032 ut
808 967 1067 1055 circumspe&are
1088 969 1120 1032 in
1137 969 1276 1056 agendo,

240 1065 274 1116 et
285 1067 443 1120 attentare
465 1055 603 1141 singulos
618 1055 753 1118 minime
773 1054 934 1135 convenit,
950 1075 1008 1140 pro
1031 1067 1078 1118 ter
1091 1076 1169 1140 quas
1192 1053 1276 1120 dixi-

239 1161 313 1202 mus
329 1140 466 1220 caussas;
490 1141 534 1206 ita
550 1142 581 1228 in
598 1139 769 1206 discendoc
792 1138 899 1204 rimari
914 1076 1115 1204 necessiirium
1131 1141 1187 1217 ess,
1203 1163 1276 1228 quae

235 1226 379 1312 personas,
396 1251 468 1314 quae
484 1239 538 1291 tem
560 1252 623 1306 ora,
638 1227 736 1314 quaed
752 1225 827 1306 loca,
842 1225 873 1289 in
898 1226 987 1304 itata,
1005 1223 1204 1312 imitamenta,
1222 1247 1276 1292 ce·

239 1321 371 1395 teraque
383 1325 407 1392 ⁸,
423 1334 463 1377 ex
476 1243 594 1401 quiius
609 1333 675 1376 non
690 1323 815 1376 tantum
829 1309 923 1390 illud,
939 1310 1029 1410 quod
1050 1309 1092 1374 est
1112 1309 1276 1376 artificiale

235 1396 435 1480 probationis
449 1421 566 1486 genus,
582 1395 655 1464 colli
682 1397 693 1461 i
714 1397 817 1484 possit,
832 1395 884 1460 sed
906 1419 963 1482 qus
984 1394 1150 1461 metuendi
1170 1396 1276 1477 testes,

238 1502 305 1566 quo
320 1482 418 1547 modo
435 1483 494 1548 fint
512 1421 688 1548 refellendi.
732 1484 819 1546 Nam
840 1481 1014 1568 plurimum
1034 1479 1141 1559 refert,
1157 1480 1277 1548 invidia

235 1573 322 1648 rens,
339 1571 402 1632 anf
424 1570 512 1650 odio,
533 1593 573 1634 an
599 1582 766 1634 contemtu
790 1567 933 1634 laboretz
957 1588 1095 1654 quorum
1116 1567 1182 1631 sere
1202 1589 1275 1653 pars

237 1651 341 1738 prima
354 1654 538 1740 superiores,
554 1654 699 1742 proxima
711 1675 811 1741 pares,
828 1652 920 1718 tertia
938 1651 1126 1718 humiliores
1146 1652 1274 1738 premit.

184 1746 222 1815 15
237 1737 292 1801 Sic
314 1739 448 1806 caussam
474 1739 695 1826 perscrutatus,
719 1738 882 1826 propofitis
908 1750 982 1804 ante
1008 1738 1142 1802 oculosg
1165 1738 1272 1802 omni-

231 1823 310 1901 bus,
326 1846 399 1908 quae
442 1827 548 1902 rofint,
564 1838 751 1903 noceantne,
767 1823 894 1888 tertiam
909 1822 1085 1908 deincepsh
1106 1823 1272 1910 personam

232 1905 350 1998 induat
366 1849 501 1996 juriicis,
521 1911 685 1998 fingatque
709 1909 794 1996 apud
816 1910 847 1974 se
872 1907 925 1996 agi
945 1908 1098 1989 caussam,
1118 1921 1163 1988 et,
1186 1908 1274 1996 quod

236 1991 341 2078 ipsum
373 1995 517 2062 movisset
546 1993 586 2060 de
622 1996 735 2060 eadem
766 2018 800 2060 re
828 1995 1120 2081 pronuntiaturum,
1150 1993 1184 2058 id
1212 2016 1272 2081 po-

232 2078 457 2159 ¹tentissimum,
474 2082 557 2168 apud
570 2103 808 2169 quemcumque
821 2091 937 2179 agetur
947 2079 968 2160 ¹,
985 2079 1161 2144 existimet:
1185 2092 1219 2145 et
1233 2081 1276 2146 sio

237 2183 312 2227 eum
328 2187 397 2229 raro
411 2165 501 2232 fallet
514 2181 660 2246 eruntne,
675 2180 731 2232 aut
746 2165 839 2252 culpa
846 2164 967 2254 judicis
982 2165 1053 2230 erit.

281 2251 341 2314 IX.
358 2253 442 2319 Quae
458 2253 536 2318 sint¹
550 2254 583 2318 in
598 2252 727 2342 agendo
740 2251 900 2329 servanda,
914 2264 984 2315 toto
998 2247 1064 2315 fere
1078 2271 1172 2338 opere
1183 2249 1271 2316 exse-

236 2334 305 2400 cuti
320 2337 427 2402 sumus
441 2363 449 2402 τ
466 2362 567 2425 pauca
580 2352 688 2406 tamen
701 2337 825 2426 propria
838 2336 940 2424 hujus·
949 2336 1025 2416 loci,
1037 2359 1111 2424 quae
1125 2357 1189 2400 non
1205 2348 1273 2402 tam

235 2421 364 2488 dicendi
380 2437 457 2504 arte,
473 2449 570 2510 quarn
592 2423 704 2489 officiis
725 2447 743 2488 a
767 2423 844 2490 endi
866 2423 1085 2501 continentur,
1101 2422 1273 2510 attingam.

234 2505 322 2571 Ante
344 2510 464 2591 omnia,
479 2532 533 2588 ne,
550 2509 637 2597 quod
655 2447 812 2596 pleritirue
834 2507 963 2590 accidit,
977 2507 1018 2572 ab
1034 2507 1174 2572 utilitate
1197 2529 1273 2572 oum

203 2593 347 2654 tcaussae
362 2594 523 2678 praesentis
541 2594 658 2681 cupido
673 2595 777 2660 laudis
789 2594 941 2659 abducat.
984 2593 1072 2657 Nam
1093 2613 1140 2657 ur
1156 2615 1272 2679 geren·

234 2675 323 2739 tibus
339 2678 425 2742 bella
439 2702 503 2742 non
520 2681 641 2766 semper
655 2679 812 2744 exercitus
831 2701 886 2765 per
904 2678 999 2765 plana
1019 2691 1053 2742 et
1066 2699 1194 2742 amoena
1209 2678 1272 2743 du·

234 2761 357 2826 cendus
376 2764 430 2842 est,
447 2763 498 2830 sed
521 2764 869 2852 adeundiplerumque
892 2763 991 2864 asperi
1013 2761 1125 2842 colles,
1142 2785 1270 2852 expug-

227 2844 350 2910 'nandae
368 2848 526 2930 civitates,
544 2849 750 2937 quamlibetm
768 2848 904 2936 praeoifis
926 2849 1081 2937 1mposrtae
1102 2848 1233 2936 rupibus
1245 2864 1273 2931 ¹¹,

269 3024 284 3054 ¹
300 3020 416 3080 agnitione
427 3021 459 3069 G.
475 3022 582 3082 agnitore
591 3019 663 3068 Salm.
676 3019 692 3069 I.
705 3037 724 3068 c.
736 3019 874 3086 quodprsbo.
949 3027 964 3054 τ
979 3018 1005 3066 ni
1017 3018 1049 3068 G.
1125 3024 1136 3052 ²
1153 3017 1229 3067 seruet
1239 3018 1272 3068 G.

237 3078 458 3133 *tradimustent
524 3085 656 3132 tdicendo
667 3085 699 3132 G.
765 3085 819 3132 ‘et
831 3085 862 3132 G.
926 3089 1034 3131 ‘cetere
1045 3083 1075 3130 G.
1087 3083 1150 3131 sens.
1215 3081 1272 3134 ‘ao

235 3147 300 3196 sens.
377 3157 388 3186 ὅ
407 3150 483 3198 oculis
495 3149 526 3197 G.
537 3151 601 3198 sens.
622 3149 734 3197 Nimirum
744 3159 801 3198 ante
810 3159 850 3210 pro
861 3147 966 3195 amarti·
977 3148 1078 3195 sabam.
1154 3147 1166 3178 ¹¹
1182 3147 1272 3196 'tseinde

234 3213 316 3325 {plnsG
335 3279 348 3326 J
365 3211 469 3326 ssagitur
479 3215 510 3262 G.
575 3213 729 3263 ¹suntJens.
802 3221 821 3245 ¹⁸¹
840 3223 962 3276 quantum
972 3213 1031 3261 libet
1043 3214 1074 3262 G.
1148 3218 1162 3244 ‘¹¹
1182 3215 1274 3262 monti-

270 3293 281 3326 s
318 3314 324 3326 .
350 3293 398 3325 en.

230 3388 336 3456 privati
345 3394 482 3444 contractus
507 3389 643 3460 cripturam
654 3389 729 3442 canti
773 3391 891 3460 pertusae,
911 3407 942 3442 ac
960 3399 1000 3442 ter
1016 3388 1064 3442 Iino
1078 3397 1127 3458 per
1137 3388 1272 3456 foramina

234 3469 302 3520 nent,
323 3458 437 3512 adhibitis
452 3470 477 3512 tr
495 3461 548 3512 ibus
566 3460 605 3512 ita
619 3459 728 3530 signari,
778 3461 892 3528 trajeiio,
906 3457 1093 3526 obsignarentur.

233 3537 264 3579 ut
280 3527 307 3580 in
317 3531 417 3598 surnma
432 3527 555 3598 marginis
572 3531 609 3582 ad
623 3527 729 3581 mediam
816 3547 857 3593 ¹3·
873 3528 999 3580 turbatam
1010 3529 1105 3593 ceram]
1119 3525 1271 3597 Exemplum

221 3605 332 3666 partem
345 3597 492 3666 perforatae,
503 3598 595 3666 triplici
610 3598 658 3650 lina
673 3616 728 3650 con·
778 3597 876 3668 elegans
901 3599 968 3667 apud
995 3597 1053 3648 Cic.
1078 3600 1149 3648 Verr.
1175 3617 1201 3658 π,
1226 3601 1271 3661 76,

223 3668 396 3737 stringantur,
414 3678 488 3738 atque
504 3667 634 3746 impafitam
652 3668 729 3737 (quid
779 3670 839 3718 Cam
849 3669 906 3736 jam
923 3667 949 3717 in
966 3664 1078 3718 manibus
1088 3666 1185 3718 tabulas
1196 3665 1271 3718 bahe-

234 3737 382 3807 ssimposnae
393 3738 415 3806 ?)
427 3741 509 3808 supra
520 3737 596 3789 lanum
607 3755 668 3789 cera
676 3735 728 3816 fig·
778 3755 868 3797 remus,
896 3745 994 3804 repente
1024 3735 1149 3806 aspicimus
1183 3735 1272 3788 lituras

232 3824 269 3857 na
280 3806 464 3876 imprimantur,
475 3817 503 3859 ut
512 3805 645 3860 exteriores
649 3809 729 3876 scrup-
778 3804 899 3927 e'ismadi,
911 3805 981 3875 quaſs
988 3806 1099 3884 quaedam
1110 3805 1219 3856 vulnera
1230 3815 1272 3856 ta-

233 3885 299 3930 tarae
303 3877 381 3944 fidem
391 3875 503 3930 interiori
522 3886 623 3928 ervent.
652 3875 731 3929 Aliter
779 3825 897 3928 setarum
908 3885 1024 3928 recentia.
1045 3874 1272 3954 Statimsuspicione

234 3945 324 3998 tabule
342 3946 450 4014 prolata
472 3946 498 3998 n'
515 3945 535 3998 it
555 3944 668 3998 momenti
686 3945 730 3996 ba-
779 3943 867 4013 affenfi,
891 3944 927 3995 ad
947 3962 979 3997 ca
1001 3943 1052 4013 ipa
1076 3962 1173 3996 nomina
1196 3944 1272 3998 oculos

235 4014 300 4066 bant.
315 4018 399 4084 (Edit.
414 4018 534 4087 Lugdun.
546 4017 636 4068 Batav.
652 4018 729 4078 1671.
780 4015 933 4084 animumque
949 3945 1115 4134 trarpiitlimus
1127 4017 1174 4067 &o
1191 4013 1274 4084 legen·

236 4086 278 4151 8.)
303 4086 447 4206 Vid.plerta
465 4085 592 4139 manuista
611 4084 731 4137 illustran·
781 4085 829 4136 dus
840 4085 906 4136 enim
918 4097 985 4136 totus
1007 4102 1078 4136 ocus.

219 4191 221 4196 -
236 4164 273 4206 tes
285 4155 353 4207 viros
387 4157 455 4208 oiios
467 4157 498 4208 ad
511 4155 553 4207 illa
566 4157 666 4207 Sueton.
680 4155 732 4206 Ne·
820 4173 861 4217 ¹4·
880 4171 941 4224 quas
957 4152 1078 4219 diximus]
1098 4155 1176 4223 Supra
1191 4172 1274 4220 5,10‚

236 4239 291 4274 ron.
305 4241 329 4275 c.
346 4243 387 4287 17,
405 4225 534 4296 Adverſso
542 4225 732 4298 falsariastunc
783 4242 844 4276 122.
858 4225 895 4294 sq.
908 4223 981 4277 Add.
995 4224 1053 4277 Cic.
1065 4223 1096 4278 de
1108 4227 1181 4279 Orat.
1196 4243 1220 4288 2,
1229 4242 1273 4292 34.
1351 4237 1355 4243 ’

232 4291 341 4362 primum
364 4303 496 4364 repertum,
519 4313 550 4348 ns
572 4293 664 4347 ratutae
690 4293 733 4362 nr‘fi

791 4383 853 4445 Y4
