3020 4918
448 372 622 448 ansata.
643 375 843 447 onnron.
864 372 947 448 tta.
966 374 1005 450 a.
1026 408 1057 464 3.
1112 461 1117 472 ⁴
1218 393 1279 468 aar

238 563 302 642 per
322 551 448 640 polluat
470 552 678 638 contingere:
703 549 840 638 ideoque
862 573 926 616 non
948 550 1061 629 statim,
1077 549 1288 638 nquiu‘oba

247 641 372 726 strepet,
387 634 557 724 abjiciendi
573 637 699 700 codices
715 650 820 716 erunt,
835 650 867 701 et
884 635 1200 724 deplorandus'dies:
1224 654 1279 702 ve*

232 739 319 788 ¹rum
341 721 555 787 incommodis
573 719 830 808 repugnandum,
841 735 879 789 et
897 721 951 785 hic
965 721 1129 786 faciendus
1143 723 1228 802 usne,
1245 725 1281 786 ut

247 809 367 888 onmia,
393 831 466 896 quae
492 807 684 893 impediunt,
712 805 819 872 vincat
843 807 1004 870 intentio:
1043 823 1138 896 quam
1165 807 1184 870 sr
1213 821 1282 871 tota

248 910 356 958 mente
377 894 409 957 in
432 913 513 980 opus
536 893 636 980 ipsum
660 891 822 972 direxeris,
838 891 920 961 nihil
944 913 1066 970 eorum,
1089 915 1161 980 quae
1182 892 1284 957 ocutis

191 979 301 1074 ¹:i9vel
326 977 454 1042 auribus
480 978 650 1054 incursant,
678 975 719 1040 ad
746 977 889 1040 animum
915 977 1086 1062 perveniet.
1130 979 1183 1041 An
1207 981 1284 1042 ve'rtt

250 1064 431 1150 frequenter
445 1059 543 1126 etiam
560 1061 690 1124 fortuita
711 1061 774 1125 hoc
795 1057 949 1148 cogitatio
965 1063 1098 1146 praestat,
1115 1077 1152 1129 ut
1173 1063 1284 1127 obvios

249 1171 316 1214 non
336 1149 511 1226 videamus,
529 1160 562 1210 et
579 1146 692 1210 itinere
711 1145 914 1211 deerremus:
940 1166 1003 1210 non
1026 1150 1283 1234 consequemur?

162 1244 168 1250 “
250 1235 351 1314 idem,
366 1233 385 1298 fi
401 1248 434 1297 et
449 1233 667 1296 voluerimus?
692 1231 766 1294 Non
789 1233 832 1296 est
851 1231 1084 1332 indulgendum
1102 1234 1210 1297 caussis
1225 1233 1283 1300 de*¹

251 1319 348 1384 fidiae.
393 1321 480 1386 Nam
504 1319 523 1382 sr
546 1340 609 1381 non
633 1317 686 1382 nili
711 1315 832 1404 resedi,
849 1339 913 1382 non
934 1317 988 1380 mli
1005 1317 1131 1396 hilaret,
1148 1336 1210 1382 non
1228 1319 1283 1406 nisi

251 1405 402 1468 omnibus
424 1404 520 1468 aliis*
546 1403 629 1466 curis
659 1415 818 1481 vacantes,
845 1401 1032 1466 [ludendum
1061 1403 1299 1490 existimarem,

196 1517 240 1584 30
252 1513 336 1570 mus,
352 1490 474 1575 semper
489 1487 560 1564 erit,
576 1487 804 1586 propterquod
828 1487 920 1551 nobis
937 1487 1147 1574 ignoscamus.
1192 1489 1287 1554 Qua·

252 1598 286 1638 re
300 1573 332 1637 in
353 1576 457 1652 turba,
474 1573 598 1652 itinere,
614 1571 791 1636 conviviis¹
814 1573 911 1636 etiam
934 1570 1029 1638 faciat
1052 1573 1107 1638 sibl
1130 1574 1286 1661 cogitatio

252 1659 318 1746 ipsa
333 1660 497 1726 secretum.
544 1655 634 1724 Quid
650 1657 770 1744 alioqui
790 1655 856 1737 fiet,
872 1677 947 1720 cum
966 1657 999 1720 in
1020 1659 1127 1723 medio
1141 1659 1222 1740 soro,
1237 1674 1288 1726 tot

252 1744 529 1810 circumstantibus
547 1741 690 1828 judiciis,
707 1741 837 1842 jurgiis,
855 1741 994 1806 fortuitis
1016 1745 1114 1808 etiam
1139 1744 1287 1811 clamori-⁴

252 1831 324 1908 buc,
341 1829 400 1894 erit
415 1829 520 1894 subito
534 1829 687 1893 continua
701 1842 844 1892 oratione
863 1827 1047 1906 dicendum,
1064 1831 1083 1892 fi
1105 1830 1288 1916 particulas,
1310 1865 1312 1871 v

252 1937 331 2002 quas
346 1915 426 1980 ceris
440 1913 639 1993 mandamus,
655 1913 711 1976 nlsr
727 1913 760 1976 in
782 1913 953 1978 solitudine
975 1914 1112 2000 reperire
1135 1937 1198 2002 non
1237 1919 1287 1981 os-¹

252 2001 385 2066 sumus?
420 2001 548 2086 Propter
562 2021 635 2086 quae
650 1997 737 2062 idem
753 1997 807 2062 ille
820 2009 929 2062 tantus
943 2013 1064 2063 amator
1085 1999 1194 2064 secreti
1251 2025 1287 2068 e.

254 2085 444 2163 mostheneS,
459 2083 492 2147 in
508 2083 613 2164 litore,
629 2082 661 2146 in
677 2083 785 2169 quod·
806 2083 854 2147 se¹
871 2083 1010 2148 maximo
1026 2107 1099 2148 cum
1115 2087 1190 2150 sono
1204 2089 1288 2154 flue-

254 2184 308 2235 tus
323 2171 460 2234 illideret
471 2169 496 2248 ¹¹,
511 2169 682 2247 meditans,
698 2168 920 2234 consuescebat
934 2169 1125 2234 concionum
1141 2170 1289 2240 fremitus

200 2278 320 2352 31non
336 2254 548 2343 expavescere.
592 2253 652 2318 Illa
672 2275 801 2340 quoque
818 2253 942 2318 minora
958 2254 1022 2338 (sed
1038 2253 1118 2318 nihil
1133 2254 1166 2318 in
1180 2257 1289 2322 studiis

255 2363 387 2428 parvum
408 2341 464 2422 est)
483 2361 547 2404 non
570 2339 643 2404 sunt
663 2339 865 2414 transeunda,
879 2339 969 2403 scribi
994 2341 1116 2426 optime
1139 2341 1231 2420 ceris,
1254 2343 1287 2408 in

256 2426 373 2514 quibus
397 2425 550 2490 facillima
571 2425 613 2488 est
635 2423 716 2488 ratio
738 2422 888 2488 delendi:
913 2421 967 2487 nisa
989 2424 1071 2490 forte
1094 2425 1176 2490 visus
1201 2428 1289 2492 infir-

256 2511 341 2574 mior
354 2512 608 2575 membranarum
628 2509 735 2596 potius
757 2512 848 2573 usum
872 2509 998 2595 exiget:
1024 2533 1096 2596 quae
1120 2524 1157 2574 ut
1173 2513 1291 2598 juvant

257 2597 370 2675 aciem,
391 2597 438 2660 ita
461 2597 595 2660 ‘crebra‘
618 2593 781 2672 relatione,
806 2594 912 2692 quoad
936 2596 1141 2680 intinguntur
1163 2597 1289 2678 calami,

205 2712 245 2781 32
258 2694 423 2746 morantur
437 2703 580 2759 manum,
595 2692 629 2743 et
643 2679 847 2766 cogitationis
862 2680 1017 2765 impetum
1033 2679 1197 2767 frangunt.
1228 2683 1300 2748 Rea·

257 2765 301 2830 lin
326 2766 439 2832 uendae
459 2780 567 2830 autem
590 2764 623 2828 in
646 2763 801 2828 utrolibet
820 2785 938 2863 genere
959 2777 1092 2829 contra²
1114 2789 1220 2830 vacuae
1239 2782 1290 2833 ta·

258 2789 364 2932 bellae,
380 2851 412 2915 in
428 2851 545 2938 quibus
559 2849 660 2914 libera
674 2847 861 2937 adjicienu‘
879 2849 915 2913 srt
934 2851 1084 2915 excurso.
1121 2853 1214 2916 Nam
1238 2854 1290 2917 in-

258 2937 351 3002 terim
378 2935 540 3024 pigritiam
567 2934 757 2998 emendandi
780 2935 932 3022 angustiae
959 2934 1093 3016 faciunt,
1123 2951 1179 3001 aut
1205 2953 1293 3004 certe

258 3043 415 3086 novorum
447 3019 681 3107 interpositione
708 3020 814 3105 priora
841 3019 1044 3085 confundunt
1059 3025 1085 3085 b.
1129 3023 1185 3086 Ne
1212 3025 1307 3091 latae¹

282 3103 391 3172 uidem
407 3105 490 3170 ultra
511 3105 644 3170 modum
659 3104 719 3169 else
738 3125 826 3169 ceras
846 3105 955 3185 velim,
971 3121 1118 3194 expertus
1136 3107 1293 3196 juvenem

259 3130 430 3258 lludiosuna
444 3191 562 3281 alioqui
578 3189 758 3279 praelongos
779 3189 927 3258 habuisse.
939 3192 1109 3276 sermones,
1124 3195 1199 3282 quia
1209 3196 1308 3264 illoa

161 3471 166 3479 „
291 3411 492 3473 Pconsequamur
504 3409 538 3458 G.
617 3419 688 3458 tom.
697 3409 761 3458 lens.
841 3412 905 3460 rvet
918 3415 1036 3468 concione
1048 3415 1088 3479 inst
1099 3415 1140 3462 ild.
1215 3423 1291 3477 ⁸quo

261 3473 294 3522 G.
304 3476 367 3523 Jenl.
436 3482 444 3513 t
459 3493 502 3525 m.
514 3475 544 3522 G.
619 3481 630 3506 '¹
651 3475 798 3525 illiderentur
810 3475 840 3523 G.
858 3477 986 3526 illideretur
996 3479 1059 3527 leus.
1133 3487 1147 3514 ¹
1163 3480 1245 3528 crebro
1257 3495 1292 3527 re·

260 3538 343 3588 lationi
353 3539 417 3594 lens.
483 3547 569 3591 ¹eum
578 3537 621 3603 r'rff.
633 3540 663 3588 G.
674 3540 737 3588 lens.
795 3541 1003 3602 *adjiciendae
1059 3542 1293 3596 bcnnlunrlnntiid.

310 3753 353 3800 30.
394 3731 601 3808 circumflantibus
635 3735 750 3816 judiciis]
801 3736 909 3799 so-stito,
930 3747 954 3790 et
974 3755 1023 3807 qua
1044 3737 1117 3791 latior
1136 3738 1169 3791 est
1190 3740 1293 3795 includo

262 3807 377 3876 Qatuor
392 3803 492 3858 enimin
509 3823 559 3858 una
574 3805 670 3872 bafilrca
681 3805 752 3874 judi·
800 3809 882 3859 verbis
901 3825 958 3878 quae
976 3810 1157 3878 improbantur,
1177 3811 1229 3864 vid.
1250 3831 1294 3875 ro,

260 3875 300 3928 cia
312 3883 438 3942 coguntur.
458 3875 510 3928 vid.
524 3873 587 3928 infru
603 3895 644 3936 12,
657 3895 681 3940 5,
695 3879 722 3926 6.
801 3893 828 3940 4,
844 3895 867 3928 t.

299 3963 340 4007 30,
363 3941 536 4014 Demtfibenes,
558 3943 584 3996 in
602 3943 684 4010 litore]
714 3945 755 3995 Ad
838 3963 879 4010 32.
904 3944 1089 4013 latas-zetas]
1116 3947 1211 4001 Eodem
1237 3951 1312 4017 jure*

261 4009 488 4066 Phalericum-nd
499 4013 604 4081 flubium
624 4013 695 4064 astent
710 4014 751 4064 de·
801 4026 897 4084 poterat
926 4033 1032 4078 monere,
1055 4035 1085 4068 ne
1113 4017 1190 4072 literae
1218 4023 1296 4074 nimie

260 4081 371 4132 clamare
390 4082 488 4152 solitum
518 4081 703 4152 Demosthenem,
725 4092 753 4135 ut
801 4101 897 4153 magnae
910 4083 1054 4138 scribentem
1068 4101 1202 4150 morentur,
1215 4105 1295 4143 nere-

254 4147 386 4216 sremitum
407 4151 552 4221 oclj‘rresccret
572 4169 633 4204 voce
650 4151 754 4206 vincere
801 4155 899 4205 nuiores
913 4155 978 4220 justo
995 4157 1134 4209 obtundant
1150 4161 1236 4220 aciem,
1250 4173 1294 4222 aut

262 4219 320 4271 cic.
333 4219 364 4269 de
377 4219 434 4270 Fin.
451 4239 509 4284 5,2.
615 4251 617 4258 ν
680 4248 684 4258 ·
802 4221 889 4292 longas
909 4225 984 4275 nimis
1005 4229 1126 4278 orationes
1149 4227 1232 4280 eadem
1254 4249 1311 4283 rao*

299 4305 342 4352 31.
353 4287 480 4356 facillima
492 4289 556 4343 ratio
568 4288 674 4358 delendi]
690 4291 753 4344 Ver·
802 4295 868 4348 tione
880 4294 930 4364 qua
942 4293 1040 4348 latiores
1052 4313 1113 4350 cere
1125 4296 1241 4352 ellici-ant.
1257 4325 1261 4332 ·
1312 4311 1313 4316 ’
