<?xml version="1.0" encoding="UTF-8"?>
<!DOCTYPE html PUBLIC "-//W3C//DTD XHTML 1.0 Transitional//EN"
    "http://www.w3.org/TR/xhtml1/DTD/xhtml1-transitional.dtd">
<html xmlns="http://www.w3.org/1999/xhtml" xml:lang="en" lang="en">
 <head>
  <title>
</title>
<meta http-equiv="Content-Type" content="text/html;charset=utf-8" />
  <meta name='ocr-system' content='tesseract 3.04.00' />
  <meta name='ocr-capabilities' content='ocr_page ocr_carea ocr_par ocr_line ocrx_word'/>
</head>
<body>
  <div class='ocr_page' id='page_1' title='image "./mfabiiquinctili00gesngoog_0085.png"; bbox 0 0 2942 4928; ppageno 0'>
   <div class='ocr_carea' id='block_1_1' title="bbox 383 425 1214 510">
    <p class='ocr_par' dir='ltr' id='par_1_1' title="bbox 383 425 1214 510">
     <span class='ocr_line' id='line_1_1' title="bbox 383 425 1214 510; baseline -0.004 -20"><span class='ocrx_word' id='word_1_1' title='bbox 383 427 552 490; x_wconf 75' lang='lat' dir='ltr'>merra.</span> <span class='ocrx_word' id='word_1_2' title='bbox 580 427 784 491; x_wconf 74' lang='lat' dir='ltr'>oneror.</span> <span class='ocrx_word' id='word_1_3' title='bbox 807 425 893 488; x_wconf 78' lang='lat' dir='ltr'>arn.</span> <span class='ocrx_word' id='word_1_4' title='bbox 914 425 967 488; x_wconf 85' lang='lat' dir='ltr'>nt.</span> <span class='ocrx_word' id='word_1_5' title='bbox 991 445 1016 488; x_wconf 75' lang='grc' dir='ltr'>ι.</span> <span class='ocrx_word' id='word_1_6' title='bbox 1177 439 1214 510; x_wconf 84' lang='lat' dir='ltr'>rt</span> 
     </span>
    </p>
   </div>
   <div class='ocr_carea' id='block_1_2' title="bbox 130 583 1217 913">
    <p class='ocr_par' dir='ltr' id='par_1_2' title="bbox 130 583 1217 913">
     <span class='ocr_line' id='line_1_2' title="bbox 130 583 1217 679; baseline 0.006 -27"><span class='ocrx_word' id='word_1_7' title='bbox 130 589 292 679; x_wconf 74' lang='lat' dir='ltr'>armagis</span> <span class='ocrx_word' id='word_1_8' title='bbox 313 591 422 661; x_wconf 58' lang='lat' dir='ltr'>ducit}</span> <span class='ocrx_word' id='word_1_9' title='bbox 464 589 550 658; x_wconf 89' lang='lat' dir='ltr'>Nam</span> <span class='ocrx_word' id='word_1_10' title='bbox 576 591 596 658; x_wconf 87' lang='lat' dir='ltr'>fi</span> <span class='ocrx_word' id='word_1_11' title='bbox 622 591 722 674; x_wconf 81' lang='lat' dir='ltr'>frons,</span> <span class='ocrx_word' id='word_1_12' title='bbox 748 593 857 675; x_wconf 73' lang='lat' dir='ltr'>oculi,</span> <span class='ocrx_word' id='word_1_13' title='bbox 871 609 985 660; x_wconf 80' lang='lat' dir='ltr'>manus</span> <span class='ocrx_word' id='word_1_14' title='bbox 1010 590 1149 660; x_wconf 83' lang='lat' dir='ltr'>multum</span> <span class='ocrx_word' id='word_1_15' title='bbox 1174 583 1217 658; x_wconf 84' lang='lat' dir='ltr'>ad</span> 
     </span>
     <span class='ocr_line' id='line_1_3' title="bbox 182 678 1215 766; baseline 0.004 -26"><span class='ocrx_word' id='word_1_16' title='bbox 182 691 313 741; x_wconf 83' lang='lat' dir='ltr'>&#39;motum</span> <span class='ocrx_word' id='word_1_17' title='bbox 337 679 521 744; x_wconf 88' lang='lat' dir='ltr'>animorum</span> <span class='ocrx_word' id='word_1_18' title='bbox 548 679 666 758; x_wconf 86' lang='lat' dir='ltr'>valent,</span> <span class='ocrx_word' id='word_1_19' title='bbox 693 691 814 766; x_wconf 86' lang='lat' dir='ltr'>quanto</span> <span class='ocrx_word' id='word_1_20' title='bbox 843 679 914 766; x_wconf 89' lang='lat' dir='ltr'>plus</span> <span class='ocrx_word' id='word_1_21' title='bbox 942 678 1093 743; x_wconf 84' lang='lat' dir='ltr'>orationis</span> <span class='ocrx_word' id='word_1_22' title='bbox 1122 679 1133 742; x_wconf 94' lang='lat' dir='ltr'>i</span> <span class='ocrx_word' id='word_1_23' title='bbox 1158 678 1215 744; x_wconf 76' lang='lat' dir='ltr'>flu·</span> 
     </span>
     <span class='ocr_line' id='line_1_4' title="bbox 184 701 1162 913; baseline 0.003 -86"><span class='ocrx_word' id='word_1_24' title='bbox 184 763 296 827; x_wconf 86' lang='lat' dir='ltr'>vultus</span> <span class='ocrx_word' id='word_1_25' title='bbox 310 763 350 828; x_wconf 83' lang='lat' dir='ltr'>ad</span> <span class='ocrx_word' id='word_1_26' title='bbox 365 763 410 842; x_wconf 86' lang='lat' dir='ltr'>id,</span> <span class='ocrx_word' id='word_1_27' title='bbox 426 764 514 852; x_wconf 82' lang='lat' dir='ltr'>quod</span> <span class='ocrx_word' id='word_1_28' title='bbox 528 764 727 829; x_wconf 83' lang='lat' dir='ltr'>intendimus</span> <span class='ocrx_word' id='word_1_29' title='bbox 741 763 876 842; x_wconf 86' lang='lat' dir='ltr'>efficere,</span> <span class='ocrx_word' id='word_1_30' title='bbox 893 764 1083 913; x_wconf 66' lang='lat' dir='ltr'>compositus</span> <span class='ocrx_word' id='word_1_31' title='bbox 1095 765 1105 827; x_wconf 70' lang='grc' dir='ltr'><em>ἒ</em></span> <span class='ocrx_word' id='word_1_32' title='bbox 1134 701 1162 830; x_wconf 65' lang='lat' dir='ltr'>l)</span> 
     </span>
    </p>
   </div>
   <div class='ocr_carea' id='block_1_3' title="bbox 129 764 1235 3578">
    <p class='ocr_par' dir='ltr' id='par_1_3' title="bbox 129 764 1235 3578">
     <span class='ocr_line' id='line_1_5' title="bbox 1162 764 1216 828; baseline 0 0"><span class='ocrx_word' id='word_1_33' title='bbox 1162 764 1216 828; x_wconf 81' lang='lat' dir='ltr'>lu·</span> 
     </span>
     <span class='ocr_line' id='line_1_6' title="bbox 185 847 1217 927; baseline 0 -15"><span class='ocrx_word' id='word_1_34' title='bbox 185 849 304 912; x_wconf 86' lang='lat' dir='ltr'>rimum</span> <span class='ocrx_word' id='word_1_35' title='bbox 328 859 435 914; x_wconf 89' lang='lat' dir='ltr'>tamen</span> <span class='ocrx_word' id='word_1_36' title='bbox 460 849 500 914; x_wconf 88' lang='lat' dir='ltr'>ad</span> <span class='ocrx_word' id='word_1_37' title='bbox 521 847 831 914; x_wconf 81' lang='lat' dir='ltr'>commendationem</span> <span class='ocrx_word' id='word_1_38' title='bbox 850 849 940 927; x_wconf 85' lang='lat' dir='ltr'>facit,</span> <span class='ocrx_word' id='word_1_39' title='bbox 966 871 1016 913; x_wconf 80' lang='lat' dir='ltr'>ive</span> <span class='ocrx_word' id='word_1_40' title='bbox 1032 849 1067 914; x_wconf 90' lang='lat' dir='ltr'>in</span> <span class='ocrx_word' id='word_1_41' title='bbox 1082 847 1217 914; x_wconf 87' lang='lat' dir='ltr'>concili·</span> 
     </span>
     <span class='ocr_line' id='line_1_7' title="bbox 185 932 1215 1020; baseline 0.002 -24"><span class='ocrx_word' id='word_1_42' title='bbox 185 933 278 997; x_wconf 86' lang='lat' dir='ltr'>andis</span> <span class='ocrx_word' id='word_1_43' title='bbox 299 956 317 999; x_wconf 91' lang='lat' dir='ltr'>a</span> <span class='ocrx_word' id='word_1_44' title='bbox 342 934 424 998; x_wconf 90' lang='lat' dir='ltr'>entis</span> <span class='ocrx_word' id='word_1_45' title='bbox 445 934 601 1014; x_wconf 82' lang='lat' dir='ltr'>moribus,</span> <span class='ocrx_word' id='word_1_46' title='bbox 617 933 678 1000; x_wconf 88' lang='lat' dir='ltr'>five</span> <span class='ocrx_word' id='word_1_47' title='bbox 699 933 739 998; x_wconf 87' lang='lat' dir='ltr'>ad</span> <span class='ocrx_word' id='word_1_48' title='bbox 760 932 1004 1020; x_wconf 89' lang='lat' dir='ltr'>promerendum</span> <span class='ocrx_word' id='word_1_49' title='bbox 1026 932 1145 998; x_wconf 70' lang='lat' dir='ltr'>actioni</span> <span class='ocrx_word' id='word_1_50' title='bbox 1165 932 1215 998; x_wconf 89' lang='lat' dir='ltr'>fa-</span> 
     </span>
     <span class='ocr_line' id='line_1_8' title="bbox 184 956 1215 1106; baseline 0.003 -24"><span class='ocrx_word' id='word_1_51' title='bbox 184 1040 309 1098; x_wconf 88' lang='lat' dir='ltr'>vorem,</span> <span class='ocrx_word' id='word_1_52' title='bbox 317 956 385 1084; x_wconf 68' lang='lat' dir='ltr'>live</span> <span class='ocrx_word' id='word_1_53' title='bbox 399 1019 439 1084; x_wconf 87' lang='lat' dir='ltr'>ad</span> <span class='ocrx_word' id='word_1_54' title='bbox 461 1020 630 1084; x_wconf 88' lang='lat' dir='ltr'>levandum</span> <span class='ocrx_word' id='word_1_55' title='bbox 646 1019 797 1085; x_wconf 85' lang='lat' dir='ltr'>varietate</span> <span class='ocrx_word' id='word_1_56' title='bbox 812 1018 982 1098; x_wconf 86' lang='lat' dir='ltr'>fastidium,</span> <span class='ocrx_word' id='word_1_57' title='bbox 995 1017 1056 1084; x_wconf 85' lang='lat' dir='ltr'>five</span> <span class='ocrx_word' id='word_1_58' title='bbox 1070 1017 1112 1084; x_wconf 86' lang='lat' dir='ltr'>ad</span> <span class='ocrx_word' id='word_1_59' title='bbox 1125 1042 1215 1106; x_wconf 83' lang='lat' dir='ltr'>quae·</span> 
     </span>
     <span class='ocr_line' id='line_1_9' title="bbox 129 1103 1216 1191; baseline 0.002 -25"><span class='ocrx_word' id='word_1_60' title='bbox 129 1116 172 1166; x_wconf 74' lang='lat'>22</span> <span class='ocrx_word' id='word_1_61' title='bbox 185 1103 262 1168; x_wconf 89' lang='lat' dir='ltr'>dam</span> <span class='ocrx_word' id='word_1_62' title='bbox 276 1103 506 1170; x_wconf 83' lang='lat' dir='ltr'>vel&#39;decentius</span> <span class='ocrx_word' id='word_1_63' title='bbox 520 1103 708 1169; x_wconf 85' lang='lat' dir='ltr'>indicandat</span> <span class='ocrx_word' id='word_1_64' title='bbox 731 1103 783 1169; x_wconf 89' lang='lat' dir='ltr'>vel</span> <span class='ocrx_word' id='word_1_65' title='bbox 797 1103 910 1169; x_wconf 72' lang='lat' dir='ltr'>tutius·</span> <span class='ocrx_word' id='word_1_66' title='bbox 955 1103 1018 1168; x_wconf 87' lang='lat' dir='ltr'>Sed</span> <span class='ocrx_word' id='word_1_67' title='bbox 1032 1115 1216 1191; x_wconf 81' lang='lat' dir='ltr'>antequam,</span> 
     </span>
     <span class='ocr_line' id='line_1_10' title="bbox 182 1188 1216 1276; baseline 0.003 -23"><span class='ocrx_word' id='word_1_68' title='bbox 182 1211 262 1274; x_wconf 85' lang='lat' dir='ltr'>quae</span> <span class='ocrx_word' id='word_1_69' title='bbox 284 1191 402 1276; x_wconf 89' lang='lat' dir='ltr'>cuique</span> <span class='ocrx_word' id='word_1_70' title='bbox 425 1190 470 1254; x_wconf 91' lang='lat' dir='ltr'>rei</span> <span class='ocrx_word' id='word_1_71' title='bbox 496 1191 514 1253; x_wconf 86' lang='lat' dir='ltr'>fi</span> <span class='ocrx_word' id='word_1_72' title='bbox 543 1213 598 1256; x_wconf 89' lang='lat' dir='ltr'>ura</span> <span class='ocrx_word' id='word_1_73' title='bbox 616 1189 796 1268; x_wconf 86' lang='lat' dir='ltr'>conveniat,</span> <span class='ocrx_word' id='word_1_74' title='bbox 811 1188 969 1254; x_wconf 82' lang='lat' dir='ltr'>ostendam</span> <span class='ocrx_word' id='word_1_75' title='bbox 982 1200 1006 1267; x_wconf 86' lang='lat'>¹¹,</span> <span class='ocrx_word' id='word_1_76' title='bbox 1030 1189 1216 1268; x_wconf 87' lang='lat' dir='ltr'>dicendum,</span> 
     </span>
     <span class='ocr_line' id='line_1_11' title="bbox 186 1214 1216 1362; baseline 0.003 -25"><span class='ocrx_word' id='word_1_77' title='bbox 186 1295 387 1362; x_wconf 87' lang='lat' dir='ltr'>nequaquam</span> <span class='ocrx_word' id='word_1_78' title='bbox 409 1297 462 1340; x_wconf 86' lang='lat' dir='ltr'>eas</span> <span class='ocrx_word' id='word_1_79' title='bbox 477 1214 541 1340; x_wconf 62' lang='lat' dir='ltr'>etti</span> <span class='ocrx_word' id='word_1_80' title='bbox 552 1288 617 1340; x_wconf 82' lang='lat' dir='ltr'>tarn</span> <span class='ocrx_word' id='word_1_81' title='bbox 632 1267 762 1356; x_wconf 81' lang='lat' dir='ltr'>multas,</span> <span class='ocrx_word' id='word_1_82' title='bbox 779 1296 875 1361; x_wconf 87' lang='lat' dir='ltr'>quam</span> <span class='ocrx_word' id='word_1_83' title='bbox 891 1275 964 1338; x_wconf 86' lang='lat' dir='ltr'>sunt</span> <span class='ocrx_word' id='word_1_84' title='bbox 986 1295 1005 1336; x_wconf 86' lang='lat' dir='ltr'>a</span> <span class='ocrx_word' id='word_1_85' title='bbox 1027 1274 1216 1360; x_wconf 89' lang='lat' dir='ltr'>quibusdam</span> 
     </span>
     <span class='ocr_line' id='line_1_12' title="bbox 138 1357 1217 1448; baseline 0.002 -26"><span class='ocrx_word' id='word_1_86' title='bbox 138 1379 143 1384; x_wconf 90' lang='lat'>·</span> <span class='ocrx_word' id='word_1_87' title='bbox 187 1361 379 1425; x_wconf 84' lang='lat' dir='ltr'>constitutae.</span> <span class='ocrx_word' id='word_1_88' title='bbox 423 1361 540 1448; x_wconf 87' lang='lat' dir='ltr'><strong>Neque</strong></span> <span class='ocrx_word' id='word_1_89' title='bbox 563 1361 650 1426; x_wconf 90' lang='lat' dir='ltr'>enim</span> <span class='ocrx_word' id='word_1_90' title='bbox 672 1381 725 1424; x_wconf 88' lang='lat' dir='ltr'>me</span> <span class='ocrx_word' id='word_1_91' title='bbox 746 1370 879 1424; x_wconf 87' lang='lat' dir='ltr'>movent</span> <span class='ocrx_word' id='word_1_92' title='bbox 901 1357 1033 1422; x_wconf 88' lang='lat' dir='ltr'>nomina</span> <span class='ocrx_word' id='word_1_93' title='bbox 1055 1359 1121 1438; x_wconf 90' lang='lat' dir='ltr'>illa,</span> <span class='ocrx_word' id='word_1_94' title='bbox 1144 1383 1217 1446; x_wconf 85' lang='lat' dir='ltr'>quae</span> 
     </span>
     <span class='ocr_line' id='line_1_13' title="bbox 134 1444 1219 1534; baseline 0.006 -30"><span class='ocrx_word' id='word_1_95' title='bbox 134 1457 171 1524; x_wconf 82' lang='lat'>23</span> <span class='ocrx_word' id='word_1_96' title='bbox 189 1444 309 1532; x_wconf 86' lang='lat' dir='ltr'>fingere</span> <span class='ocrx_word' id='word_1_97' title='bbox 333 1445 448 1534; x_wconf 91' lang='lat' dir='ltr'>utique</span> <span class='ocrx_word' id='word_1_98' title='bbox 478 1446 601 1512; x_wconf 82' lang='lat' dir='ltr'>Graecis</span> <span class='ocrx_word' id='word_1_99' title='bbox 630 1445 871 1532; x_wconf 72' lang='lat' dir='ltr'>&#39;promtissimam</span> <span class='ocrx_word' id='word_1_100' title='bbox 899 1445 954 1510; x_wconf 85' lang='lat' dir='ltr'>est.</span> <span class='ocrx_word' id='word_1_101' title='bbox 998 1445 1086 1508; x_wconf 83' lang='lat' dir='ltr'>Ante</span> <span class='ocrx_word' id='word_1_102' title='bbox 1111 1444 1219 1510; x_wconf 86' lang='lat' dir='ltr'>omnia</span> 
     </span>
     <span class='ocr_line' id='line_1_14' title="bbox 187 1527 1217 1618; baseline 0.004 -26"><span class='ocrx_word' id='word_1_103' title='bbox 187 1529 198 1592; x_wconf 93' lang='lat' dir='ltr'>i</span> <span class='ocrx_word' id='word_1_104' title='bbox 225 1531 289 1594; x_wconf 91' lang='lat' dir='ltr'>itur</span> <span class='ocrx_word' id='word_1_105' title='bbox 303 1529 361 1608; x_wconf 89' lang='lat' dir='ltr'>illi,</span> <span class='ocrx_word' id='word_1_106' title='bbox 377 1532 434 1618; x_wconf 94' lang='lat' dir='ltr'>qui</span> <span class='ocrx_word' id='word_1_107' title='bbox 449 1531 582 1596; x_wconf 87' lang='lat' dir='ltr'>totidem</span> <span class='ocrx_word' id='word_1_108' title='bbox 593 1531 721 1618; x_wconf 71' lang='lat' dir='ltr'>figuras</span> <span class='ocrx_word' id='word_1_109' title='bbox 733 1542 860 1616; x_wconf 88' lang='lat' dir='ltr'>putant,</span> <span class='ocrx_word' id='word_1_110' title='bbox 877 1543 956 1615; x_wconf 91' lang='lat' dir='ltr'>quot</span> <span class='ocrx_word' id='word_1_111' title='bbox 967 1527 1105 1616; x_wconf 67' lang='lat' dir='ltr'>effeetus,</span> <span class='ocrx_word' id='word_1_112' title='bbox 1122 1552 1217 1616; x_wconf 87' lang='lat' dir='ltr'>repu-</span> 
     </span>
     <span class='ocr_line' id='line_1_15' title="bbox 187 1553 1235 1702; baseline 0.002 -24"><span class='ocrx_word' id='word_1_113' title='bbox 187 1553 320 1680; x_wconf 79' lang='lat' dir='ltr'>diandi:</span> <span class='ocrx_word' id='word_1_114' title='bbox 345 1637 408 1679; x_wconf 92' lang='lat' dir='ltr'>non</span> <span class='ocrx_word' id='word_1_115' title='bbox 423 1617 499 1702; x_wconf 91' lang='lat' dir='ltr'>quia</span> <span class='ocrx_word' id='word_1_116' title='bbox 512 1617 636 1702; x_wconf 69' lang='lat' dir='ltr'>affictus</span> <span class='ocrx_word' id='word_1_117' title='bbox 651 1637 716 1680; x_wconf 90' lang='lat' dir='ltr'>non</span> <span class='ocrx_word' id='word_1_118' title='bbox 738 1616 774 1679; x_wconf 83' lang='lat' dir='ltr'>sit</span> <span class='ocrx_word' id='word_1_119' title='bbox 796 1615 949 1702; x_wconf 79' lang='lat' dir='ltr'>quaedam,</span> <span class='ocrx_word' id='word_1_120' title='bbox 968 1615 1102 1700; x_wconf 83' lang='lat' dir='ltr'><strong>qualitas</strong></span> <span class='ocrx_word' id='word_1_121' title='bbox 1124 1637 1235 1680; x_wconf 36' lang='lat' dir='ltr'>men-¹</span> 
     </span>
     <span class='ocr_line' id='line_1_16' title="bbox 188 1691 1219 1790; baseline 0.001 -26"><span class='ocrx_word' id='word_1_122' title='bbox 188 1699 255 1782; x_wconf 81' lang='lat' dir='ltr'>tis3</span> <span class='ocrx_word' id='word_1_123' title='bbox 277 1700 330 1766; x_wconf 89' lang='lat' dir='ltr'>sed</span> <span class='ocrx_word' id='word_1_124' title='bbox 344 1700 420 1788; x_wconf 87' lang='lat' dir='ltr'>quia</span> <span class='ocrx_word' id='word_1_125' title='bbox 430 1691 554 1790; x_wconf 72' lang='lat' dir='ltr'>figura,</span> <span class='ocrx_word' id='word_1_126' title='bbox 569 1723 666 1788; x_wconf 88' lang='lat' dir='ltr'>quam</span> <span class='ocrx_word' id='word_1_127' title='bbox 690 1722 754 1764; x_wconf 92' lang='lat' dir='ltr'>non</span> <span class='ocrx_word' id='word_1_128' title='bbox 778 1699 1002 1778; x_wconf 85' lang='lat' dir='ltr'>communiter,</span> <span class='ocrx_word' id='word_1_129' title='bbox 1017 1699 1071 1764; x_wconf 83' lang='lat' dir='ltr'>secl</span> <span class='ocrx_word' id='word_1_130' title='bbox 1094 1699 1219 1788; x_wconf 90' lang='lat' dir='ltr'>proprie</span> 
     </span>
     <span class='ocr_line' id='line_1_17' title="bbox 188 1784 1217 1872; baseline 0.002 -24"><span class='ocrx_word' id='word_1_131' title='bbox 188 1784 404 1866; x_wconf 85' lang='lat' dir='ltr'>nominamus,</span> <span class='ocrx_word' id='word_1_132' title='bbox 420 1809 483 1851; x_wconf 91' lang='lat' dir='ltr'>non</span> <span class='ocrx_word' id='word_1_133' title='bbox 499 1787 534 1850; x_wconf 87' lang='lat' dir='ltr'>srt</span> <span class='ocrx_word' id='word_1_134' title='bbox 550 1787 603 1852; x_wconf 82' lang='lat' dir='ltr'>sim</span> <span class='ocrx_word' id='word_1_135' title='bbox 625 1785 677 1851; x_wconf 87' lang='lat' dir='ltr'>lex</span> <span class='ocrx_word' id='word_1_136' title='bbox 690 1784 736 1849; x_wconf 91' lang='lat' dir='ltr'>rei</span> <span class='ocrx_word' id='word_1_137' title='bbox 751 1785 902 1872; x_wconf 52' lang='lat' dir='ltr'>cujuffiue</span> <span class='ocrx_word' id='word_1_138' title='bbox 915 1784 1107 1862; x_wconf 79' lang='lat' dir='ltr'>enuntiatio.</span> <span class='ocrx_word' id='word_1_139' title='bbox 1125 1787 1217 1852; x_wconf 80' lang='lat' dir='ltr'>Qua·</span> 
     </span>
     <span class='ocr_line' id='line_1_18' title="bbox 188 1809 1219 1958; baseline 0.002 -24"><span class='ocrx_word' id='word_1_140' title='bbox 188 1883 317 1956; x_wconf 89' lang='lat' dir='ltr'>propter</span> <span class='ocrx_word' id='word_1_141' title='bbox 337 1872 370 1936; x_wconf 92' lang='lat' dir='ltr'>iu</span> <span class='ocrx_word' id='word_1_142' title='bbox 393 1871 529 1936; x_wconf 89' lang='lat' dir='ltr'>dicendo</span> <span class='ocrx_word' id='word_1_143' title='bbox 543 1809 642 1958; x_wconf 61' lang='lat' dir='ltr'>irrisit,</span> <span class='ocrx_word' id='word_1_144' title='bbox 657 1871 764 1949; x_wconf 84' lang='lat' dir='ltr'>dolere,</span> <span class='ocrx_word' id='word_1_145' title='bbox 780 1868 920 1958; x_wconf 75' lang='lat' dir='ltr'>misereri,</span> <span class='ocrx_word' id='word_1_146' title='bbox 937 1871 1048 1950; x_wconf 86' lang='lat' dir='ltr'>timere,</span> <span class='ocrx_word' id='word_1_147' title='bbox 1064 1871 1219 1958; x_wconf 77' lang='lat' dir='ltr'>corfidere,</span> 
     </span>
     <span class='ocr_line' id='line_1_19' title="bbox 189 1955 1217 2044; baseline 0.004 -24"><span class='ocrx_word' id='word_1_148' title='bbox 189 1969 376 2036; x_wconf 77' lang='lat' dir='ltr'>contemnere,</span> <span class='ocrx_word' id='word_1_149' title='bbox 391 1977 456 2022; x_wconf 89' lang='lat' dir='ltr'>non</span> <span class='ocrx_word' id='word_1_150' title='bbox 471 1957 541 2022; x_wconf 87' lang='lat' dir='ltr'>sunt</span> <span class='ocrx_word' id='word_1_151' title='bbox 556 1958 679 2044; x_wconf 84' lang='lat' dir='ltr'>figurae,</span> <span class='ocrx_word' id='word_1_152' title='bbox 695 1977 759 2019; x_wconf 91' lang='lat' dir='ltr'>non</span> <span class='ocrx_word' id='word_1_153' title='bbox 776 1955 879 2041; x_wconf 83' lang='lat' dir='ltr'>magis</span> <span class='ocrx_word' id='word_1_154' title='bbox 894 1977 989 2041; x_wconf 89' lang='lat' dir='ltr'>quam</span> <span class='ocrx_word' id='word_1_155' title='bbox 1002 1957 1146 2042; x_wconf 80' lang='lat' dir='ltr'>suadere,</span> <span class='ocrx_word' id='word_1_156' title='bbox 1159 1958 1217 2025; x_wconf 64' lang='lat' dir='ltr'>nti⁴</span> 
     </span>
     <span class='ocr_line' id='line_1_20' title="bbox 132 2039 1217 2129; baseline 0.003 -24"><span class='ocrx_word' id='word_1_157' title='bbox 132 2043 272 2123; x_wconf 81' lang='lat' dir='ltr'>24nari,</span> <span class='ocrx_word' id='word_1_158' title='bbox 289 2043 566 2129; x_wconf 65' lang='lat' dir='ltr'>rogaraexensare.</span> <span class='ocrx_word' id='word_1_159' title='bbox 613 2039 677 2108; x_wconf 86' lang='lat' dir='ltr'>Sed</span> <span class='ocrx_word' id='word_1_160' title='bbox 699 2040 781 2104; x_wconf 86' lang='lat' dir='ltr'>fallit</span> <span class='ocrx_word' id='word_1_161' title='bbox 823 2061 910 2104; x_wconf 87' lang='lat' dir='ltr'>arum</span> <span class='ocrx_word' id='word_1_162' title='bbox 936 2039 1107 2128; x_wconf 84' lang='lat' dir='ltr'>diligenter</span> <span class='ocrx_word' id='word_1_163' title='bbox 1128 2042 1217 2108; x_wconf 90' lang='lat' dir='ltr'>intu-</span> 
     </span>
     <span class='ocr_line' id='line_1_21' title="bbox 190 2063 1219 2214; baseline 0.003 -25"><span class='ocrx_word' id='word_1_164' title='bbox 190 2140 295 2206; x_wconf 86' lang='lat' dir='ltr'>entes,</span> <span class='ocrx_word' id='word_1_165' title='bbox 312 2125 400 2214; x_wconf 91' lang='lat' dir='ltr'>quod</span> <span class='ocrx_word' id='word_1_166' title='bbox 412 2128 580 2195; x_wconf 88' lang='lat' dir='ltr'>inveniunt</span> <span class='ocrx_word' id='word_1_167' title='bbox 596 2126 627 2189; x_wconf 92' lang='lat' dir='ltr'>in</span> <span class='ocrx_word' id='word_1_168' title='bbox 642 2063 858 2190; x_wconf 72' lang='lat' dir='ltr'>omnibuslris</span> <span class='ocrx_word' id='word_1_169' title='bbox 875 2125 955 2190; x_wconf 88' lang='lat' dir='ltr'>locis</span> <span class='ocrx_word' id='word_1_170' title='bbox 968 2125 1100 2212; x_wconf 85' lang='lat' dir='ltr'>figuras,</span> <span class='ocrx_word' id='word_1_171' title='bbox 1116 2139 1149 2192; x_wconf 88' lang='lat' dir='ltr'>et</span> <span class='ocrx_word' id='word_1_172' title='bbox 1165 2149 1219 2192; x_wconf 86' lang='lat' dir='ltr'>ea·</span> 
     </span>
     <span class='ocr_line' id='line_1_22' title="bbox 188 2211 1218 2300; baseline 0.003 -24"><span class='ocrx_word' id='word_1_173' title='bbox 188 2221 286 2276; x_wconf 69' lang='lat' dir='ltr'>rum’t</span> <span class='ocrx_word' id='word_1_174' title='bbox 309 2211 454 2300; x_wconf 89' lang='lat' dir='ltr'>exempla</span> <span class='ocrx_word' id='word_1_175' title='bbox 478 2235 518 2277; x_wconf 87' lang='lat' dir='ltr'>ex</span> <span class='ocrx_word' id='word_1_176' title='bbox 542 2211 739 2278; x_wconf 86' lang='lat' dir='ltr'>orationibus</span> <span class='ocrx_word' id='word_1_177' title='bbox 761 2213 947 2297; x_wconf 87' lang='lat' dir='ltr'>excerpunt.</span> <span class='ocrx_word' id='word_1_178' title='bbox 991 2213 1110 2300; x_wconf 91' lang='lat' dir='ltr'>Neque</span> <span class='ocrx_word' id='word_1_179' title='bbox 1133 2211 1218 2279; x_wconf 84' lang='lat' dir='ltr'>euim</span> 
     </span>
     <span class='ocr_line' id='line_1_23' title="bbox 188 2295 1221 2384; baseline 0.002 -22"><span class='ocrx_word' id='word_1_180' title='bbox 188 2319 262 2384; x_wconf 83' lang='lat' dir='ltr'>pars</span> <span class='ocrx_word' id='word_1_181' title='bbox 285 2297 351 2362; x_wconf 89' lang='lat' dir='ltr'>ulla</span> <span class='ocrx_word' id='word_1_182' title='bbox 373 2297 500 2362; x_wconf 91' lang='lat' dir='ltr'>dicendi</span> <span class='ocrx_word' id='word_1_183' title='bbox 520 2297 573 2376; x_wconf 88' lang='lat' dir='ltr'>est,</span> <span class='ocrx_word' id='word_1_184' title='bbox 592 2319 668 2384; x_wconf 73' lang='lat' dir='ltr'>&#39;quae</span> <span class='ocrx_word' id='word_1_185' title='bbox 689 2317 753 2360; x_wconf 89' lang='lat' dir='ltr'>nou</span> <span class='ocrx_word' id='word_1_186' title='bbox 775 2295 839 2360; x_wconf 92' lang='lat' dir='ltr'>reci</span> <span class='ocrx_word' id='word_1_187' title='bbox 862 2297 914 2362; x_wconf 86' lang='lat' dir='ltr'>ere</span> <span class='ocrx_word' id='word_1_188' title='bbox 936 2317 987 2358; x_wconf 88' lang='lat' dir='ltr'>eas</span> <span class='ocrx_word' id='word_1_189' title='bbox 1031 2297 1110 2362; x_wconf 84' lang='lat' dir='ltr'>offit.</span> <span class='ocrx_word' id='word_1_190' title='bbox 1156 2295 1221 2366; x_wconf 87' lang='lat' dir='ltr'>Sed</span> 
     </span>
     <span class='ocr_line' id='line_1_24' title="bbox 189 2319 1221 2470; baseline 0.002 -22"><span class='ocrx_word' id='word_1_191' title='bbox 189 2382 278 2448; x_wconf 86' lang='lat' dir='ltr'>aliud</span> <span class='ocrx_word' id='word_1_192' title='bbox 299 2383 341 2456; x_wconf 86' lang='lat' dir='ltr'>est</span> <span class='ocrx_word' id='word_1_193' title='bbox 364 2382 531 2448; x_wconf 82' lang='lat' dir='ltr'>admittere</span> <span class='ocrx_word' id='word_1_194' title='bbox 546 2382 699 2470; x_wconf 81' lang='lat' dir='ltr'>figuram,</span> <span class='ocrx_word' id='word_1_195' title='bbox 723 2379 809 2446; x_wconf 86' lang='lat' dir='ltr'>aliud</span> <span class='ocrx_word' id='word_1_196' title='bbox 852 2403 964 2468; x_wconf 85' lang='lat' dir='ltr'>garam</span> <span class='ocrx_word' id='word_1_197' title='bbox 985 2319 1058 2447; x_wconf 82' lang='lat' dir='ltr'>elle.</span> <span class='ocrx_word' id='word_1_198' title='bbox 1101 2383 1221 2470; x_wconf 83' lang='lat' dir='ltr'>Neque</span> 
     </span>
     <span class='ocr_line' id='line_1_25' title="bbox 190 2465 1220 2554; baseline 0 -22"><span class='ocrx_word' id='word_1_199' title='bbox 190 2467 279 2532; x_wconf 90' lang='lat' dir='ltr'>enim</span> <span class='ocrx_word' id='word_1_200' title='bbox 304 2469 435 2532; x_wconf 86' lang='lat' dir='ltr'>verebor</span> <span class='ocrx_word' id='word_1_201' title='bbox 457 2467 652 2554; x_wconf 82' lang='lat' dir='ltr'>explicandae</span> <span class='ocrx_word' id='word_1_202' title='bbox 677 2465 722 2532; x_wconf 89' lang='lat' dir='ltr'>rei</span> <span class='ocrx_word' id='word_1_203' title='bbox 744 2480 847 2554; x_wconf 81' lang='lat' dir='ltr'>grana</span> <span class='ocrx_word' id='word_1_204' title='bbox 869 2465 1115 2550; x_wconf 85' lang='lat' dir='ltr'>frequentiorem</span> <span class='ocrx_word' id='word_1_205' title='bbox 1137 2469 1220 2554; x_wconf 81' lang='lat' dir='ltr'>ejus-,</span> 
     </span>
     <span class='ocr_line' id='line_1_26' title="bbox 133 2551 1221 2640; baseline 0.004 -28"><span class='ocrx_word' id='word_1_206' title='bbox 133 2562 176 2633; x_wconf 87' lang='lat'>25</span> <span class='ocrx_word' id='word_1_207' title='bbox 191 2551 268 2618; x_wconf 91' lang='lat' dir='ltr'>dem</span> <span class='ocrx_word' id='word_1_208' title='bbox 284 2553 423 2618; x_wconf 86' lang='lat' dir='ltr'>nominis</span> <span class='ocrx_word' id='word_1_209' title='bbox 444 2553 678 2638; x_wconf 87' lang='lat' dir='ltr'>repetitionem.</span> <span class='ocrx_word' id='word_1_210' title='bbox 722 2551 829 2616; x_wconf 75' lang='lat' dir='ltr'>Quare</span> <span class='ocrx_word' id='word_1_211' title='bbox 847 2551 970 2616; x_wconf 89' lang='lat' dir='ltr'>dabunt</span> <span class='ocrx_word' id='word_1_212' title='bbox 984 2551 1065 2614; x_wconf 91' lang='lat' dir='ltr'>mihi</span> <span class='ocrx_word' id='word_1_213' title='bbox 1080 2551 1221 2640; x_wconf 85' lang='lat' dir='ltr'>aliquam</span> 
     </span>
     <span class='ocr_line' id='line_1_27' title="bbox 190 2635 1222 2725; baseline 0 -23"><span class='ocrx_word' id='word_1_214' title='bbox 190 2639 226 2702; x_wconf 91' lang='lat' dir='ltr'>in</span> <span class='ocrx_word' id='word_1_215' title='bbox 254 2637 404 2724; x_wconf 78' lang='lat' dir='ltr'>irascente,</span> <span class='ocrx_word' id='word_1_216' title='bbox 428 2639 611 2725; x_wconf 78' lang='lat' dir='ltr'>deprecante,</span> <span class='ocrx_word' id='word_1_217' title='bbox 627 2638 782 2722; x_wconf 84' lang='lat' dir='ltr'>miserante</span> <span class='ocrx_word' id='word_1_218' title='bbox 801 2636 950 2721; x_wconf 85' lang='lat' dir='ltr'>figuram,</span> <span class='ocrx_word' id='word_1_219' title='bbox 972 2635 1056 2700; x_wconf 88' lang='lat' dir='ltr'>scio:</span> <span class='ocrx_word' id='word_1_220' title='bbox 1080 2636 1133 2702; x_wconf 82' lang='lat' dir='ltr'>sed</span> <span class='ocrx_word' id='word_1_221' title='bbox 1157 2659 1222 2702; x_wconf 89' lang='lat' dir='ltr'>non</span> 
     </span>
     <span class='ocr_line' id='line_1_28' title="bbox 190 2719 1234 2810; baseline -0.004 -22"><span class='ocrx_word' id='word_1_222' title='bbox 190 2721 268 2788; x_wconf 82' lang='lat' dir='ltr'>ideo</span> <span class='ocrx_word' id='word_1_223' title='bbox 282 2723 380 2810; x_wconf 64' lang='lat' dir='ltr'>infir,</span> <span class='ocrx_word' id='word_1_224' title='bbox 395 2723 534 2808; x_wconf 60' lang='lat' dir='ltr'>reffereri,</span> <span class='ocrx_word' id='word_1_225' title='bbox 549 2723 712 2810; x_wconf 78' lang='lat' dir='ltr'>deprecari,</span> <span class='ocrx_word' id='word_1_226' title='bbox 728 2721 831 2808; x_wconf 81' lang='lat' dir='ltr'>figura</span> <span class='ocrx_word' id='word_1_227' title='bbox 845 2719 916 2785; x_wconf 85' lang='lat' dir='ltr'>erit.</span> <span class='ocrx_word' id='word_1_228' title='bbox 961 2720 1076 2810; x_wconf 78' lang='lat' dir='ltr'>Cicero</span> <span class='ocrx_word' id='word_1_229' title='bbox 1091 2719 1234 2808; x_wconf 51' lang='lat' dir='ltr'>quidem¹</span> 
     </span>
     <span class='ocr_line' id='line_1_29' title="bbox 190 2805 1224 2891; baseline -0.001 -19"><span class='ocrx_word' id='word_1_230' title='bbox 190 2809 304 2872; x_wconf 86' lang='lat' dir='ltr'>omnia</span> <span class='ocrx_word' id='word_1_231' title='bbox 317 2808 467 2886; x_wconf 87' lang='lat' dir='ltr'>orationis</span> <span class='ocrx_word' id='word_1_232' title='bbox 488 2807 610 2876; x_wconf 85' lang='lat' dir='ltr'>lamina</span> <span class='ocrx_word' id='word_1_233' title='bbox 631 2807 663 2869; x_wconf 91' lang='lat' dir='ltr'>in</span> <span class='ocrx_word' id='word_1_234' title='bbox 679 2807 765 2870; x_wconf 88' lang='lat' dir='ltr'>hunc</span> <span class='ocrx_word' id='word_1_235' title='bbox 780 2805 888 2871; x_wconf 89' lang='lat' dir='ltr'>locum</span> <span class='ocrx_word' id='word_1_236' title='bbox 910 2806 1069 2891; x_wconf 87' lang='lat' dir='ltr'>congerit,</span> <span class='ocrx_word' id='word_1_237' title='bbox 1085 2805 1224 2872; x_wconf 88' lang='lat' dir='ltr'>mediam</span> 
     </span>
     <span class='ocr_line' id='line_1_30' title="bbox 191 2891 1221 2980; baseline -0.003 -23"><span class='ocrx_word' id='word_1_238' title='bbox 191 2893 366 2980; x_wconf 89' lang='lat' dir='ltr'>quamdam</span> <span class='ocrx_word' id='word_1_239' title='bbox 383 2896 434 2977; x_wconf 88' lang='lat' dir='ltr'>(ut</span> <span class='ocrx_word' id='word_1_240' title='bbox 452 2893 600 2976; x_wconf 87' lang='lat' dir='ltr'>arbitror)</span> <span class='ocrx_word' id='word_1_241' title='bbox 618 2893 741 2956; x_wconf 89' lang='lat' dir='ltr'>secutus</span> <span class='ocrx_word' id='word_1_242' title='bbox 763 2891 868 2954; x_wconf 87' lang='lat' dir='ltr'>viam:</span> <span class='ocrx_word' id='word_1_243' title='bbox 892 2901 929 2955; x_wconf 90' lang='lat' dir='ltr'>ut</span> <span class='ocrx_word' id='word_1_244' title='bbox 950 2912 1010 2954; x_wconf 88' lang='lat' dir='ltr'>nec</span> <span class='ocrx_word' id='word_1_245' title='bbox 1032 2891 1136 2956; x_wconf 90' lang='lat' dir='ltr'>omnis</span> <span class='ocrx_word' id='word_1_246' title='bbox 1159 2891 1221 2956; x_wconf 88' lang='lat' dir='ltr'>ler-</span> 
     </span>
     <span class='ocr_line' id='line_1_31' title="bbox 192 2973 1225 3066; baseline -0.001 -24"><span class='ocrx_word' id='word_1_247' title='bbox 192 3001 250 3042; x_wconf 91' lang='lat' dir='ltr'>mo</span> <span class='ocrx_word' id='word_1_248' title='bbox 257 2973 596 3066; x_wconf 77' lang='lat' dir='ltr'>sabernajudicaretur,</span> <span class='ocrx_word' id='word_1_249' title='bbox 612 2997 671 3042; x_wconf 90' lang='lat' dir='ltr'>nec</span> <span class='ocrx_word' id='word_1_250' title='bbox 684 2999 721 3040; x_wconf 89' lang='lat' dir='ltr'>ea</span> <span class='ocrx_word' id='word_1_251' title='bbox 734 2975 811 3054; x_wconf 88' lang='lat' dir='ltr'>sola,</span> <span class='ocrx_word' id='word_1_252' title='bbox 827 2997 901 3060; x_wconf 84' lang='lat' dir='ltr'>quae</span> <span class='ocrx_word' id='word_1_253' title='bbox 916 2974 1071 3040; x_wconf 89' lang='lat' dir='ltr'>haberent</span> <span class='ocrx_word' id='word_1_254' title='bbox 1084 2973 1225 3062; x_wconf 86' lang='lat' dir='ltr'>aliquam</span> 
     </span>
     <span class='ocr_line' id='line_1_32' title="bbox 191 3059 1223 3147; baseline -0.003 -19"><span class='ocrx_word' id='word_1_255' title='bbox 191 3077 350 3130; x_wconf 88' lang='lat' dir='ltr'>remotam</span> <span class='ocrx_word' id='word_1_256' title='bbox 365 3067 405 3128; x_wconf 88' lang='lat' dir='ltr'>ab</span> <span class='ocrx_word' id='word_1_257' title='bbox 420 3063 476 3128; x_wconf 90' lang='lat' dir='ltr'>usu</span> <span class='ocrx_word' id='word_1_258' title='bbox 490 3061 655 3128; x_wconf 90' lang='lat' dir='ltr'>communi</span> <span class='ocrx_word' id='word_1_259' title='bbox 669 3061 852 3126; x_wconf 75' lang='lat' dir='ltr'>fictionem:</span> <span class='ocrx_word' id='word_1_260' title='bbox 875 3059 928 3124; x_wconf 88' lang='lat' dir='ltr'>sed</span> <span class='ocrx_word' id='word_1_261' title='bbox 950 3083 1023 3147; x_wconf 83' lang='lat' dir='ltr'>quae</span> <span class='ocrx_word' id='word_1_262' title='bbox 1045 3061 1142 3125; x_wconf 76' lang='lat' dir='ltr'>essent</span> <span class='ocrx_word' id='word_1_263' title='bbox 1156 3061 1223 3125; x_wconf 85' lang='lat' dir='ltr'>cla-</span> 
     </span>
     <span class='ocr_line' id='line_1_33' title="bbox 191 3144 1222 3233; baseline -0.003 -20"><span class='ocrx_word' id='word_1_264' title='bbox 191 3149 321 3228; x_wconf 87' lang='lat' dir='ltr'>riffima,</span> <span class='ocrx_word' id='word_1_265' title='bbox 336 3159 369 3213; x_wconf 91' lang='lat' dir='ltr'>et</span> <span class='ocrx_word' id='word_1_266' title='bbox 389 3148 429 3214; x_wconf 88' lang='lat' dir='ltr'>ad</span> <span class='ocrx_word' id='word_1_267' title='bbox 452 3148 646 3212; x_wconf 84' lang='lat' dir='ltr'>movendum</span> <span class='ocrx_word' id='word_1_268' title='bbox 662 3146 841 3210; x_wconf 87' lang='lat' dir='ltr'>auditorem</span> <span class='ocrx_word' id='word_1_269' title='bbox 865 3144 1007 3211; x_wconf 87' lang='lat' dir='ltr'>valerent</span> <span class='ocrx_word' id='word_1_270' title='bbox 1025 3145 1222 3233; x_wconf 81' lang='lat' dir='ltr'>plurimum:</span> 
     </span>
     <span class='ocr_line' id='line_1_34' title="bbox 193 3229 1224 3320; baseline -0.004 -22"><span class='ocrx_word' id='word_1_271' title='bbox 193 3256 293 3320; x_wconf 88' lang='lat' dir='ltr'>quem</span> <span class='ocrx_word' id='word_1_272' title='bbox 317 3235 443 3300; x_wconf 91' lang='lat' dir='ltr'>duobus</span> <span class='ocrx_word' id='word_1_273' title='bbox 468 3234 509 3296; x_wconf 93' lang='lat' dir='ltr'>ab</span> <span class='ocrx_word' id='word_1_274' title='bbox 533 3256 572 3297; x_wconf 85' lang='lat' dir='ltr'>co</span> <span class='ocrx_word' id='word_1_275' title='bbox 594 3232 686 3298; x_wconf 89' lang='lat' dir='ltr'>libris</span> <span class='ocrx_word' id='word_1_276' title='bbox 709 3231 879 3296; x_wconf 67' lang='lat' dir='ltr'>tradatum</span> <span class='ocrx_word' id='word_1_277' title='bbox 904 3229 1013 3295; x_wconf 92' lang='lat' dir='ltr'>locum</span> <span class='ocrx_word' id='word_1_278' title='bbox 1036 3231 1076 3296; x_wconf 89' lang='lat' dir='ltr'>ad</span> <span class='ocrx_word' id='word_1_279' title='bbox 1098 3231 1224 3295; x_wconf 89' lang='lat' dir='ltr'>literam</span> 
     </span>
     <span class='ocr_line' id='line_1_35' title="bbox 192 3315 1225 3408; baseline -0.008 -22"><span class='ocrx_word' id='word_1_280' title='bbox 192 3318 325 3408; x_wconf 78' lang='lat' dir='ltr'>subjeci,</span> <span class='ocrx_word' id='word_1_281' title='bbox 349 3341 390 3384; x_wconf 92' lang='lat' dir='ltr'>ne</span> <span class='ocrx_word' id='word_1_282' title='bbox 414 3317 591 3386; x_wconf 87' lang='lat' dir='ltr'>fraudarem</span> <span class='ocrx_word' id='word_1_283' title='bbox 613 3317 644 3384; x_wconf 91' lang='lat' dir='ltr'>le</span> <span class='ocrx_word' id='word_1_284' title='bbox 669 3328 758 3388; x_wconf 85' lang='lat' dir='ltr'>entes</span> <span class='ocrx_word' id='word_1_285' title='bbox 774 3315 900 3402; x_wconf 90' lang='lat' dir='ltr'>judicio</span> <span class='ocrx_word' id='word_1_286' title='bbox 921 3315 1053 3398; x_wconf 81' lang='lat' dir='ltr'>maximi</span> <span class='ocrx_word' id='word_1_287' title='bbox 1074 3315 1225 3396; x_wconf 72' lang='lat' dir='ltr'>auctoris.</span> 
     </span>
     <span class='ocr_line' id='line_1_36' title="bbox 137 3340 1225 3488; baseline -0.005 -19"><span class='ocrx_word' id='word_1_288' title='bbox 137 3397 181 3464; x_wconf 76' lang='lat'>26</span> <span class='ocrx_word' id='word_1_289' title='bbox 195 3405 235 3469; x_wconf 89' lang='lat' dir='ltr'>In</span> <span class='ocrx_word' id='word_1_290' title='bbox 261 3404 356 3472; x_wconf 90' lang='lat' dir='ltr'>tertio</span> <span class='ocrx_word' id='word_1_291' title='bbox 378 3404 420 3468; x_wconf 90' lang='lat' dir='ltr'>de</span> <span class='ocrx_word' id='word_1_292' title='bbox 442 3401 569 3468; x_wconf 84' lang='lat' dir='ltr'>Oratore</span> <span class='ocrx_word' id='word_1_293' title='bbox 590 3403 636 3468; x_wconf 86' lang='lat' dir='ltr'>ita</span> <span class='ocrx_word' id='word_1_294' title='bbox 644 3340 806 3487; x_wconf 79' lang='lat' dir='ltr'>gscriptum</span> <span class='ocrx_word' id='word_1_295' title='bbox 821 3401 885 3464; x_wconf 85' lang='lat' dir='ltr'>est:</span> <span class='ocrx_word' id='word_1_296' title='bbox 909 3399 946 3464; x_wconf 86' lang='lat' dir='ltr'>In</span> <span class='ocrx_word' id='word_1_297' title='bbox 964 3412 1107 3488; x_wconf 81' lang='lat' dir='ltr'>perpetua</span> <span class='ocrx_word' id='word_1_298' title='bbox 1128 3413 1225 3464; x_wconf 82' lang='lat' dir='ltr'>antem</span> 
     </span>
     <span class='ocr_line' id='line_1_37' title="bbox 193 3485 1226 3578; baseline -0.008 -23"><span class='ocrx_word' id='word_1_299' title='bbox 193 3489 336 3572; x_wconf 78' lang='lat' dir='ltr'>aratione,</span> <span class='ocrx_word' id='word_1_300' title='bbox 352 3513 416 3556; x_wconf 82' lang='lat' dir='ltr'>earn</span> <span class='ocrx_word' id='word_1_301' title='bbox 431 3499 459 3551; x_wconf 85' lang='lat' dir='ltr'>et</span> <span class='ocrx_word' id='word_1_302' title='bbox 472 3487 677 3578; x_wconf 66' lang='lat' dir='ltr'>carry&#39;aattionis</span> <span class='ocrx_word' id='word_1_303' title='bbox 698 3485 860 3568; x_wconf 81' lang='lat' dir='ltr'>lenitatem,</span> <span class='ocrx_word' id='word_1_304' title='bbox 876 3497 904 3549; x_wconf 77' lang='lat' dir='ltr'>et</span> <span class='ocrx_word' id='word_1_305' title='bbox 925 3509 1123 3566; x_wconf 84' lang='lat' dir='ltr'>numeroram,</span> <span class='ocrx_word' id='word_1_306' title='bbox 1136 3509 1226 3574; x_wconf 78' lang='lat' dir='ltr'>quarn</span> 
     </span>
    </p>
   </div>
   <div class='ocr_carea' id='block_1_4' title="bbox 351 3685 1130 3753">
    <p class='ocr_par' dir='ltr' id='par_1_4' title="bbox 351 3685 1130 3753">
     <span class='ocr_line' id='line_1_38' title="bbox 351 3685 1130 3753; baseline -0.039 1"><span class='ocrx_word' id='word_1_307' title='bbox 351 3689 548 3753; x_wconf 59' lang='lat' dir='ltr'>‘lufficssfldffi-</span> <span class='ocrx_word' id='word_1_308' title='bbox 613 3697 626 3724; x_wconf 77' lang='lat'>¹</span> <span class='ocrx_word' id='word_1_309' title='bbox 645 3685 817 3742; x_wconf 67' lang='lat' dir='ltr'>ostendolens.</span> <span class='ocrx_word' id='word_1_310' title='bbox 839 3709 858 3716; x_wconf 29' lang='grc' dir='ltr'>Δ·</span> <span class='ocrx_word' id='word_1_311' title='bbox 881 3694 895 3721; x_wconf 82' lang='lat'>²</span> <span class='ocrx_word' id='word_1_312' title='bbox 912 3686 1071 3738; x_wconf 84' lang='lat' dir='ltr'>eorumJens.</span> <span class='ocrx_word' id='word_1_313' title='bbox 1126 3715 1130 3724; x_wconf 79' lang='grc'><em>,</em></span> 
     </span>
    </p>
   </div>
   <div class='ocr_carea' id='block_1_5' title="bbox 110 3881 1231 4381">
    <p class='ocr_par' dir='ltr' id='par_1_5' title="bbox 110 3881 1231 4381">
     <span class='ocr_line' id='line_1_39' title="bbox 233 3881 1228 3958; baseline 0 -16"><span class='ocrx_word' id='word_1_314' title='bbox 233 3895 277 3943; x_wconf 75' lang='lat'>2⁶.</span> <span class='ocrx_word' id='word_1_315' title='bbox 297 3888 574 3954; x_wconf 74' lang='lat' dir='ltr'>intertiateomnre]</span> <span class='ocrx_word' id='word_1_316' title='bbox 594 3887 626 3941; x_wconf 91' lang='lat' dir='ltr'>C.</span> <span class='ocrx_word' id='word_1_317' title='bbox 643 3881 685 3956; x_wconf 54' lang='lat'>52‘.</span> <span class='ocrx_word' id='word_1_318' title='bbox 735 3889 811 3954; x_wconf 80' lang='lat' dir='ltr'>nibus</span> <span class='ocrx_word' id='word_1_319' title='bbox 831 3887 897 3950; x_wconf 85' lang='lat' dir='ltr'>aliis,</span> <span class='ocrx_word' id='word_1_320' title='bbox 917 3888 1018 3942; x_wconf 78' lang='lat' dir='ltr'>Graecis</span> <span class='ocrx_word' id='word_1_321' title='bbox 1038 3887 1181 3958; x_wconf 70' lang='lat' dir='ltr'>preter-tna,</span> <span class='ocrx_word' id='word_1_322' title='bbox 1201 3885 1228 3942; x_wconf 85' lang='lat' dir='ltr'>e&#39;t</span> 
     </span>
     <span class='ocr_line' id='line_1_40' title="bbox 190 3957 1227 4031; baseline -0.003 -19"><span class='ocrx_word' id='word_1_323' title='bbox 190 3961 252 4031; x_wconf 81' lang='lat' dir='ltr'>sqq.</span> <span class='ocrx_word' id='word_1_324' title='bbox 281 3962 405 4012; x_wconf 87' lang='lat' dir='ltr'>Convenit</span> <span class='ocrx_word' id='word_1_325' title='bbox 421 3959 688 4028; x_wconf 76' lang='lat' dir='ltr'>auternlct&#39;tio,quarn</span> <span class='ocrx_word' id='word_1_326' title='bbox 736 3957 865 4028; x_wconf 88' lang='lat' dir='ltr'>exemplis,</span> <span class='ocrx_word' id='word_1_327' title='bbox 884 3975 933 4008; x_wconf 90' lang='lat' dir='ltr'>non</span> <span class='ocrx_word' id='word_1_328' title='bbox 951 3958 1026 4010; x_wconf 88' lang='lat' dir='ltr'>nimis</span> <span class='ocrx_word' id='word_1_329' title='bbox 1044 3957 1161 4024; x_wconf 71' lang='lat' dir='ltr'>difficile,</span> <span class='ocrx_word' id='word_1_330' title='bbox 1187 3959 1227 4018; x_wconf 83' lang='lat' dir='ltr'>led</span> 
     </span>
     <span class='ocr_line' id='line_1_41' title="bbox 195 4026 1229 4097; baseline -0.002 -13"><span class='ocrx_word' id='word_1_331' title='bbox 195 4051 211 4084; x_wconf 83' lang='lat' dir='ltr'>e</span> <span class='ocrx_word' id='word_1_332' title='bbox 233 4030 420 4083; x_wconf 84' lang='lat' dir='ltr'>Burmanniana</span> <span class='ocrx_word' id='word_1_333' title='bbox 446 4031 545 4091; x_wconf 87' lang='lat' dir='ltr'>damus,</span> <span class='ocrx_word' id='word_1_334' title='bbox 569 4046 627 4080; x_wconf 88' lang='lat' dir='ltr'>cum</span> <span class='ocrx_word' id='word_1_335' title='bbox 649 4045 689 4090; x_wconf 87' lang='lat' dir='ltr'>ea,</span> <span class='ocrx_word' id='word_1_336' title='bbox 737 4045 786 4088; x_wconf 85' lang='lat' dir='ltr'>non</span> <span class='ocrx_word' id='word_1_337' title='bbox 814 4026 980 4088; x_wconf 79' lang='lat' dir='ltr'>necessarium,</span> <span class='ocrx_word' id='word_1_338' title='bbox 1007 4027 1141 4097; x_wconf 76' lang='lat' dir='ltr'>presertim</span> <span class='ocrx_word' id='word_1_339' title='bbox 1169 4046 1229 4082; x_wconf 85' lang='lat' dir='ltr'>cum</span> 
     </span>
     <span class='ocr_line' id='line_1_42' title="bbox 195 4093 1227 4170; baseline -0.001 -19"><span class='ocrx_word' id='word_1_340' title='bbox 195 4117 275 4170; x_wconf 87' lang='lat' dir='ltr'>quam</span> <span class='ocrx_word' id='word_1_341' title='bbox 304 4097 431 4168; x_wconf 88' lang='lat' dir='ltr'>proposuit</span> <span class='ocrx_word' id='word_1_342' title='bbox 466 4101 505 4150; x_wconf 89' lang='lat' dir='ltr'>vir</span> <span class='ocrx_word' id='word_1_343' title='bbox 538 4093 689 4166; x_wconf 67' lang='lat' dir='ltr'>dol&#39;tiffimu&#39;e</span> <span class='ocrx_word' id='word_1_344' title='bbox 737 4097 825 4150; x_wconf 85' lang='lat' dir='ltr'>deinde</span> <span class='ocrx_word' id='word_1_345' title='bbox 844 4095 874 4147; x_wconf 90' lang='lat' dir='ltr'>de</span> <span class='ocrx_word' id='word_1_346' title='bbox 896 4099 1015 4148; x_wconf 78' lang='lat' dir='ltr'>omnibus</span> <span class='ocrx_word' id='word_1_347' title='bbox 1028 4093 1077 4150; x_wconf 80' lang='lat' dir='ltr'>fere</span> <span class='ocrx_word' id='word_1_348' title='bbox 1096 4097 1227 4166; x_wconf 82' lang='lat' dir='ltr'>diligenter</span> 
     </span>
     <span class='ocr_line' id='line_1_43' title="bbox 195 4165 1228 4236; baseline -0.004 -14"><span class='ocrx_word' id='word_1_349' title='bbox 195 4165 631 4236; x_wconf 81' lang='lat' dir='ltr'>Zach.Pearce,pauciffimis,quae</span> <span class='ocrx_word' id='word_1_350' title='bbox 645 4165 690 4217; x_wconf 88' lang='lat' dir='ltr'>no·</span> <span class='ocrx_word' id='word_1_351' title='bbox 738 4165 788 4236; x_wconf 82' lang='lat' dir='ltr'>ipse</span> <span class='ocrx_word' id='word_1_352' title='bbox 816 4167 910 4218; x_wconf 81' lang='lat' dir='ltr'>Fabius</span> <span class='ocrx_word' id='word_1_353' title='bbox 935 4167 1074 4236; x_wconf 78' lang='lat' dir='ltr'>praecipiat,</span> <span class='ocrx_word' id='word_1_354' title='bbox 1098 4183 1142 4218; x_wconf 79' lang='lat' dir='ltr'>nos</span> <span class='ocrx_word' id='word_1_355' title='bbox 1171 4185 1228 4220; x_wconf 82' lang='lat' dir='ltr'>vero</span> 
     </span>
     <span class='ocr_line' id='line_1_44' title="bbox 194 4235 1231 4308; baseline -0.002 -18"><span class='ocrx_word' id='word_1_356' title='bbox 194 4251 290 4298; x_wconf 79' lang='lat' dir='ltr'>tamus,</span> <span class='ocrx_word' id='word_1_357' title='bbox 311 4238 429 4306; x_wconf 81' lang='lat' dir='ltr'>exceptis.</span> <span class='ocrx_word' id='word_1_358' title='bbox 467 4239 591 4296; x_wconf 78' lang='lat' dir='ltr'>Caeterum</span> <span class='ocrx_word' id='word_1_359' title='bbox 612 4235 691 4304; x_wconf 81' lang='lat' dir='ltr'>expli·</span> <span class='ocrx_word' id='word_1_360' title='bbox 739 4236 807 4295; x_wconf 88' lang='lat' dir='ltr'>huic,</span> <span class='ocrx_word' id='word_1_361' title='bbox 819 4253 868 4286; x_wconf 91' lang='lat' dir='ltr'>non</span> <span class='ocrx_word' id='word_1_362' title='bbox 886 4235 986 4298; x_wconf 85' lang='lat' dir='ltr'>Tullio,</span> <span class='ocrx_word' id='word_1_363' title='bbox 1000 4235 1051 4302; x_wconf 85' lang='lat' dir='ltr'>jam</span> <span class='ocrx_word' id='word_1_364' title='bbox 1069 4251 1231 4308; x_wconf 68' lang='lat' dir='ltr'>navemuso·¹</span> 
     </span>
     <span class='ocr_line' id='line_1_45' title="bbox 110 4301 1227 4381; baseline -0.004 -22"><span class='ocrx_word' id='word_1_365' title='bbox 110 4319 113 4326; x_wconf 93' lang='grc'><strong><em>·</em></strong></span> <span class='ocrx_word' id='word_1_366' title='bbox 194 4325 254 4359; x_wconf 78' lang='lat' dir='ltr'>aare</span> <span class='ocrx_word' id='word_1_367' title='bbox 265 4308 359 4381; x_wconf 78' lang='lat' dir='ltr'>figuras</span> <span class='ocrx_word' id='word_1_368' title='bbox 372 4322 455 4359; x_wconf 79' lang='lat' dir='ltr'>omnes</span> <span class='ocrx_word' id='word_1_369' title='bbox 467 4307 596 4376; x_wconf 75' lang='lat' dir='ltr'>adscriptis</span> <span class='ocrx_word' id='word_1_370' title='bbox 611 4305 691 4357; x_wconf 88' lang='lat' dir='ltr'>nomi·</span> <span class='ocrx_word' id='word_1_371' title='bbox 739 4322 832 4374; x_wconf 75' lang='lat' dir='ltr'>peram.</span> <span class='ocrx_word' id='word_1_372' title='bbox 1224 4301 1227 4312; x_wconf 90' lang='grc'><strong>’</strong></span> 
     </span>
    </p>
   </div>
   <div class='ocr_carea' id='block_1_6' title="bbox 0 0 1490 4928">
    <p class='ocr_par' dir='ltr' id='par_1_6' title="bbox 0 0 1490 4928">
     <span class='ocr_line' id='line_1_46' title="bbox 0 0 1490 4928; baseline 0 0"><span class='ocrx_word' id='word_1_373' title='bbox 0 0 1490 4928; x_wconf 95' lang='lat' dir='ltr'> </span> 
     </span>
    </p>
   </div>
  </div>
 </body>
</html>
