3008 4914
265 405 326 486 346
503 403 549 466 M.
568 405 696 471 nasu
716 403 1063 472 antunnacum

263 567 412 636 maximis
450 567 606 656 uibusque
622 566 731 641 caussis
749 568 1129 638 accommodatissimum?
1153 569 1241 640 Na'rn
1263 579 1295 636 et
1308 575 1358 656 64,

263 655 427 720 Homerus
461 678 559 718 recem
573 651 705 738 quidem
721 675 796 728 cum
812 653 911 718 animi
923 664 937 692 ¹
948 653 1162 742 jucunditate,
1178 667 1211 720 ct
1227 668 1297 742 pro·

260 741 373 828 priam,
390 737 437 822 (id
451 739 538 804 enim
553 739 595 805 est
612 763 668 804 non
681 763 783 804 errare
797 739 910 820 uerbis)
928 753 961 806 et
975 752 1134 806 carentem
1149 738 1295 828 superva-

264 823 334 888 cuis
349 823 542 910 eloquentiam
558 821 708 888 Menelao
722 821 824 902 dedit,
839 847 911 908 quae
931 821 1001 888 funt
1016 824 1148 892 virtutes
1192 825 1295 891 eueris

263 907 352 972 illius
372 909 478 994 primi.
523 911 567 972 Et
587 930 622 972 ex
636 933 685 972 ore
698 907 840 974 Nestoris
854 907 936 974 dixit
951 909 1105 977 dulciorem
1123 848 1205 976 melle
1223 924 1293 996 pro-

253 993 356 1080 fluere
366 997 552 1079 firmarem.-
575 1015 638 1080 qua
659 1007 744 1062 certe
765 991 977 1058 deleslatione
999 993 1080 1058 nibil
1102 993 1180 1081 fingi
1194 993 1296 1080 majus

211 1124 222 1143 .
308 1080 374 1144 test.
420 1077 483 1142 Sed
508 1077 689 1144 summam²
715 1079 887 1166 aggressus,
915 1078 1011 1144 utin
1040 1077 1160 1166 Ulysfe,
1185 1077 1296 1149 facun-

288 1163 362 1241 iarn,
379 1162 632 1249 magnitudinem
650 1161 699 1226 illi
714 1163 869 1249 junxit²r
894 1164 973 1228 cuib
996 1165 1153 1228 orationem
1175 1163 1295 1228 nivibus

263 1248 406 1326 hibernis,
435 1261 463 1314 et
491 1247 573 1334 copia
597 1247 764 1326 verborum,
789 1261 877 1346 atque
905 1249 1013 1336 impetu
1037 1263 1141 1334 parem
1156 1249 1293 1314 tribuit.

265 1333 351 1398 Cum
377 1333 441 1398 hoc
465 1330 564 1420 igitur
589 1354 685 1396 nemo
711 1333 891 1398 mortalrum
918 1333 1113 1398 contendet:
1147 1331 1233 1398 hunc
1258 1341 1350 1423 ut65

264 1417 360 1482 deum
378 1417 526 1482 homines
540 1415 761 1482 intuebuntur.
805 1417 899 1482 Hanc
915 1417 978 1482 vim
1002 1431 1035 1482 et
1050 1417 1243 1486 celeritatem
1260 1419 1293 1482 in

263 1503 384 1567 Pericle
410 1501 542 1566 miratur
571 1501 717 1588 Eupolis,
743 1501 826 1566 hanc
853 1501 1041 1568 fulminibus
1070 1502 1293 1589 Aristophanes

262 1599 447 1673 comparat:
471 1586 542 1650 haec
556 1589 599 1650 est
614 1599 705 1650 vera‘
722 1583 848 1650 dicendi
863 1586 1005 1652 facultas.
1040 1586 1103 1651 Sed
1118 1610 1223 1674 neque
1243 1589 1293 1652 bis
1307 1594 1352 1658 66

223 1699 227 1706 ’
260 1673 367 1738 tribus
381 1672 466 1759 quafi
486 1670 597 1736 formis
621 1671 739 1738 inclusa
752 1672 937 1770 eloquentia
949 1673 1002 1736 est.
1045 1673 1131 1738 Nam
1153 1685 1191 1737 ut
1212 1673 1295 1738 inter

342 1755 385 1822 ile
406 1756 612 1844 validumque
632 1757 762 1822 tertium
785 1755 906 1842 ahquid
930 1757 1134 1827 constitutum
1155 1758 1217 1822 est:
1249 1759 1295 1825 ita

261 1779 381 1908 ffiim
412 1840 576 1906 intervalla
603 1843 695 1908 suut:
732 1856 828 1927 atque
856 1839 939 1906 inter
967 1841 1036 1908 baec
1064 1841 1127 1928 ipsa
1155 1843 1294 1906 mixtum

262 1925 417 2012 quiddam
432 1949 470 1992 ex
485 1926 612 1991 duobus
631 1926 774 1991 medium
790 1927 834 1996 en.
847 1947 955 1992 eorum
971 1929 995 1992 l.
1040 1928 1124 1994 Nam
1141 1942 1174 1992 et
1188 1927 1294 1993 subtili

263 2011 390 2098 plenius
404 2011 526 2098 aliquid
543 2021 639 2098 atque
652 2011 811 2090 subtilius,
827 2025 860 2076 et
880 2011 1062 2078 vehementi
1077 2013 1228 2078 remiffius
1243 2030 1292 2077 at·

287 2118 327 2160 ue
343 2097 563 2178 vehementius¹
582 2096 762 2175 invenitur3
784 2109 822 2160 ut
842 2095 921 2160 illud
940 2097 1012 2162 lene
1030 2109 1086 2162 aut
1100 2097 1240 2162 ascendit
1254 2095 1294 2162 ad

263 2119 407 2261 lortiora,
430 2179 572 2252 autad⁸
595 2182 740 2247 tenuiora
760 2181 975 2246 submittitur:
999 2203 1035 2244 ac
1059 2181 1098 2247 fic
1120 2203 1215 2279 prope
1240 2183 1291 2246 in.
1305 2189 1350 2270 67

262 2267 479 2332 numerabiles
499 2266 617 2354 species
638 2263 846 2353 reperiuntur,
862 2289 933 2351 quae
955 2264 1068 2350 utique
1089 2265 1198 2352 aquuo
1219 2290 1291 2332 mo-

264 2365 376 2416 mento
392 2353 474 2416 inter
488 2350 519 2414 se
538 2349 695 2429 differant,
713 2371 825 2416 srcur
846 2364 983 2436 quatuor
1003 2364 1114 2416 ventos
1136 2351 1292 2438 generali·

264 2450 313 2500 ter
327 2460 346 2501 a
360 2436 494 2504 totidem
510 2436 623 2500 mundi
645 2437 825 2502 cardinibus
846 2433 1026 2520 accepimus
1048 2436 1133 2516 flare,
1149 2457 1221 2500 cum
1242 2436 1292 2502 in-

263 2522 357 2585 terim
372 2521 502 2607 plurimi
524 2521 643 2585 mediis
664 2542 788 2598 eornm,
803 2519 977 2587 varietates
998 2519 1164 2608 regionum
1180 2543 1217 2585 an
1227 2523 1292 2588 'flu-

261 2608 413 2674 minuma
439 2605 574 2696 propriii
601 2605 876 2697 deprehendantur
888 2606 914 2670 ¹².
960 2605 1144 2694 Eademque
1168 2605 1292 2674 rn'usrcis
1305 2611 1347 2674 68

262 2829 267 2837 ,
296 2785 311 2814 ¹
327 2795 367 2826 om.
379 2779 409 2826 G.
421 2779 485 2829 lens.
580 2787 594 2814 ¹
610 2780 704 2828 summa
715 2778 825 2838 regressus
836 2779 868 2825 est
881 2777 911 2824 G.
923 2777 939 2823 si
952 2778 977 2823 in
988 2793 1053 2824 mare
1067 2777 1153 2840 gressus
1164 2775 1219 2825 esset
1229 2779 1293 2826 Jens.

262 2849 275 2874 ⁸
292 2844 400 2892 vicissent
411 2845 441 2891 G.
522 2841 610 2891 '’cum
622 2844 722 2891 orationi
734 2845 765 2888 G.
845 2849 927 2891 cnere
939 2843 970 2892 G.
981 2843 1045 2889 lens.
1125 2845 1294 2904 “quorumet

264 2908 326 2956 subt.
338 2909 369 2956 G.
450 2913 521 2954 ‘orn
532 2907 564 2955 G.
650 2906 750 2970 setim
762 2907 868 2954 arens.
945 2907 1122 2954 svsriaenam
1134 2908 1165 2955 G.
1182 2907 1291 2969 Vidscg.

262 2973 420 3020 ¹rarieeriam.
496 2971 840 3020 brantosmensium.
916 2967 1106 3036 iproprieteut.
1182 2970 1293 3034 l‘depre-

263 3032 400 3086 hendentur
411 3037 443 3084 Ga
458 3037 666 3098 deprehenduntur
676 3036 739 3084 lens.

302 3199 345 3258 64.
373 3195 438 3248 Nam
461 3207 485 3247 et
506 3195 636 3264 Homerus]
666 3193 706 3245 u.
724 3196 753 3258 γ’.
802 3195 861 3243 elli.

263 3270 328 3328 ¹213,
839 3263 882 3324 ὃς.
901 3257 927 3310 ln
945 3258 1049 3324 Pericle]
1071 3261 1131 3312 Vid.
1151 3265 1289 3330 2,16,19.

291 3333 321 3381 Ἠ
338 3351 370 3380 'rer
385 3334 426 3392 μὲν
440 3334 542 3390 Μενέλαος
557 3337 695 3401 ὶπιτρχίιδην
705 3336 756 3397 a’rya'.
803 3339 827 3378 el
841 3346 882 3388 12,
897 3347 922 3388 2,
936 3347 978 3382 22.

328 3415 371 3462 pror
839 3401 881 3460 67.
893 3397 1022 3467 fluminum
1030 3397 1137 3466 proprii]
1157 3401 1196 3450 Ne
1204 3399 1292 3466 stami-

297 3467 371 3527 nstpa
381 3462 432 3523 μὲν,
443 3465 502 3511 &aaa
512 3466 577 3523 usna
589 3463 673 3524 λιγέως,
684 3465 754 3514 leals
803 3483 860 3516 num
882 3467 956 3517 alicui
986 3466 1090 3534 placeat,
1113 3469 1228 3537 congeslrt
1251 3467 1291 3522 hic

263 3571 265 3576 -
330 3528 473 3586 wentoniae,
803 3535 963 3588 Burmannus
985 3535 1093 3588 festivam
1115 3535 1225 3588 locorum
1249 3557 1291 3590 co·

264 3641 268 3648 .
298 3593 572 3655 Oll'stlssfls³⁰¹⁷‘ls·“
802 3606 880 3674 piam,
898 3606 942 3656 ubi
960 3605 1102 3674 spirantium
1119 3624 1138 3656 a
1149 3606 1293 3674 fluminibus

265 3675 307 3728 De
325 3670 407 3742 Ulysie
425 3674 499 3723 verba
519 3675 569 3740 jam
589 3673 703 3728 dedimus
723 3675 754 3725 ad
802 3670 1042 3726 ventorum'mentio
1061 3676 1098 3727 sir.
1128 3677 1208 3726 Nobis
1227 3677 1292 3729 diros

268 3761 311 3804 rr,
326 3760 350 3806 3,
365 3747 423 3806 158.
449 3743 633 3794 Caeterum'non
646 3745 755 3794 intermi-
804 3743 906 3796 laudasse
914 3744 973 3796 saris
982 3742 1066 3803 fuerit,
1074 3747 1186 3794 Senecam
1195 3746 1290 3823 Qaest.

174 3853 178 3859 .
265 3813 295 3865 sit
313 3812 431 3864 Clarkius
449 3823 502 3862 tum
521 3813 593 3863 Fabii
605 3813 688 3873 nollri,
699 3826 754 3864 tum
804 3815 864 3864 Nat.
882 3833 906 3878 ς,
920 3831 944 3876 7,
964 3812 1121 3866 Antelucanor
1128 3813 1207 3878 flatus
1218 3815 1290 3884 mspi.

266 3883 403 3941 Ciceronis,
428 3880 637 3934 Halicamaffenfrs
659 3883 756 3952 Diony·
802 3881 903 3943 ciamus,
914 3881 957 3951 qui
972 3892 1018 3932 aut
1036 3900 1065 3933 ex
1082 3882 1236 3946 fluminibus,
1247 3895 1293 3938 aut

263 3951 304 4012 ui,
316 3963 340 4002 et
359 3949 437 4001 Gellii
456 3951 531 4001 verba
550 3951 694 4012 adscribere,
711 3953 756 4020 qui
804 3968 838 4002 ex
856 3950 1015 4010 convallibus,
1031 3961 1075 4002 aut
1093 3968 1126 4002 ex
1146 3951 1225 4022 aliquo
1233 3954 1291 4020 stau

266 4037 350 4072 omnes
362 4020 410 4069 tria
428 4017 469 4069 illa
487 4037 576 4089 genera
593 4021 618 4071 in
633 4021 757 4082 Menelao,
797 4019 926 4088 feruntur.
958 4021 1023 4073 Plin.
1045 4039 1070 4081 2,
1090 4038 1136 4086 43,
1158 4021 1176 4071 f.
1195 4027 1239 4086 44,
1259 4025 1291 4076 de

268 4088 360 4158 Ulysfe‚
372 4088 479 4148 Nestore,
492 4106 540 4140 non
552 4091 706 4150 adumbrata,
717 4091 755 4142 fed
804 4094 893 4152 ventis,
906 4089 1016 4158 Namque
1026 4098 1050 4138 et
1062 4107 1076 4144 e
1092 4089 1248 4152 flumirribu8‚
1260 4111 1291 4150 ac

265 4157 371 4226 expressa
401 4159 433 4207 ab
466 4159 575 4210 Homero
610 4157 754 4228 agnoscunt.
794 4158 906 4222 strabus,
925 4169 949 4210 et
969 4176 982 4210 e
1002 4159 1068 4210 muri
1088 4159 1308 4218 videmus-cen..
1358 4186 1363 4204 r

268 4229 392 4283 Caeterum
414 4228 445 4278 de
467 4227 566 4280 Nestore
588 4231 628 4275 ’nu
647 4230 675 4276 α’.
694 4247 755 4296 249,
796 4227 911 4298 firrgere.
941 4229 1015 4280 Adeo
1037 4225 1151 4297 frequens
1173 4231 1217 4288 ista
1239 4232 1290 4283 sen-

265 4302 299 4348 Τῦ
315 4301 331 4364 ¹3)
345 4299 389 4346 tet
399 4299 500 4357 puderse
514 4300 606 4359 μέλιτος
615 4293 706 4359 γλυκίων
714 4299 756 4362 iser
803 4299 889 4359 tentia,
908 4309 937 4349 ut
959 4296 1035 4370 vulgo
1057 4299 1136 4370 ipsum
1156 4289 1299 4392 utramuis*
1320 4332 1322 4338 ι
