3014 4918
393 401 581 467 ruerit.
607 403 922 466 onerantis.
942 383 1012 464 xii.
1036 401 1082 464 ιο.
1201 423 1259 488 333

229 589 251 632 a
268 565 421 656 plerisque
436 568 613 636 tribuiturlt
634 568 751 656 palma,
769 580 886 649 tamen,
902 591 942 634 ne
964 566 1046 634 nihil
1066 565 1264 648 detrahatur,

197 653 331 718 8deesse
345 656 469 740 pondus
484 667 609 741 putant.
652 657 738 718 Nam
758 667 796 718 ut
814 655 963 718 humanae
983 657 1094 718 forinae
1115 653 1266 719 decorem

231 739 389 818 addiderit
403 741 493 826 supra
507 763 628 818 verum,
644 739 689 803 ita
710 752 775 804 non
794 740 960 827 explevisti
973 741 980 780 ¹
1004 739 1137 804 deorum
1152 739 1265 804 auito·

231 821 358 889 ritatem
374 826 511 890 videtur.
555 827 643 890 Quin
667 837 794 888 aetatem
809 846 937 911 quoque
955 825 1133 912 graviorem
1147 823 1268 888 dicitur

232 909 390 997 refugisse,
406 909 488 974 nihil
508 910 599 974 ausus
622 909 706 974 ultra
726 910 839 974 levesru
861 931 972 997 genas.
1016 910 1063 974 At
1084 933 1158 996 quae
1175 910 1266 994 Poly·

197 995 302 1082 9clete
327 995 509 1074 defuerunt,
531 995 653 1058 Phidiae
674 1007 772 1081 atque
794 993 951 1059 Alcameni
969 993 1095 1058 dantur.
1138 996 1267 1060 Phidias

233 1091 340 1144 tamen
369 1081 441 1160 diis,
468 1103 565 1166 quam
590 1081 787 1159 hominibuS,
813 1079 986 1144 efficiendis
1013 1078 1126 1144 melior
1153 1079 1270 1144 artifex

232 1167 378 1244 traditur,
395 1165 429 1228 in
450 1166 546 1229 ebore
570 1187 645 1230 vero
666 1167 765 1252 longe
787 1166 866 1229 citra
887 1164 1052 1244 aenqum,
1067 1165 1117 1229 vel
1137 1165 1266 1246 sinihil,

233 1251 288 1314 nisi
308 1251 487 1314 Minervam
506 1251 644 1329 Athenis,
661 1265 716 1314 aut
739 1251 824 1335 Olym
846 1255 906 1314 iam
927 1251 959 1313 in
979 1249 1072 1314 Elide
1085 1251 1201 1328 levent,
1218 1251 1267 1314 fe-

233 1333 336 1399 cisset:
362 1336 453 1422 cujus
474 1335 679 1421 pulchritudo
700 1335 800 1422 adjeci
824 1357 843 1399 e
865 1335 988 1422 aliquid
1010 1335 1107 1400 etiam
1129 1349 1267 1420 receptio

233 1420 381 1506 religioni
404 1420 548 1487 videtur:
579 1421 661 1486 adeo
688 1423 830 1508 majestas
857 1420 962 1507 operis
989 1420 1087 1484 deum
1116 1421 1267 1506 aequavit.

232 1504 286 1569 Ad
305 1508 468 1570 veritatem
484 1505 555 1590 Lyst
570 1522 641 1593 pum
660 1519 693 1570 et
710 1506 893 1570 Praxitelem
907 1505 1057 1570 acceffisle
1076 1507 1198 1592 optime
1219 1504 1268 1568 af-

233 1591 371 1656 firmant.
415 1594 503 1655 Nam
564 1593 698 1655 emetrins
718 1604 879 1676 tamquam
907 1590 1024 1654 nimius
1047 1591 1081 1656 in
1101 1613 1139 1655 ea
1159 1613 1267 1677 repre-

232 1673 398 1754 henditur,
414 1690 447 1740 et
461 1676 523 1739 suit
538 1676 761 1754 similitudinis,
775 1675 1141 1762 quam'pulchritudinis,
1157 1698 1269 1740 amarr-
1346 1757 1349 1763 Δ

181 1779 221 1824 10
234 1761 307 1825 tior.
353 1764 392 1824 ln
406 1761 549 1824 oratione
563 1782 637 1823 vero
658 1762 678 1824 fi
694 1762 811 1848 species
825 1761 943 1824 intueri
958 1760 1047 1838 velis,
1064 1762 1198 1826 totidem
1215 1785 1270 1848 pe·

235 1867 275 1910 ne
303 1846 440 1930 reperias
469 1845 684 1931 ingeniorum,
713 1859 793 1934 quot
820 1859 1012 1944 corporum,¹
1030 1846 1159 1910 formas.
1205 1847 1270 1915 Sed
1342 1929 1343 1932 Ἴ

234 1929 324 1993 fuere
339 1929 484 2014 quaedam
503 1951 622 2016 genera
643 1931 770 1996 dicendi
790 1931 975 1996 conditione
993 1944 1174 2018 temporum
1189 1931 1268 1996 hor-

234 2013 362 2090 ridiora,
374 2014 496 2100 alioqui
516 2037 667 2101 magnam
683 2017 751 2102 jam
768 2015 890 2103 ingenii
911 2016 974 2080 vim
994 2039 1058 2103 prae
1077 2018 1108 2082 se
1123 2017 1268 2082 ferentia.

235 2099 325 2162 Hine
347 2099 420 2163 sunt
444 2101 548 2177 Leni,
571 2101 726 2186 Africani,
751 2104 885 2181 Catones,
909 2101 1106 2186 Gracchique,
1125 2125 1206 2188 quos
1233 2116 1272 2166 tu

234 2183 311 2248 licet
326 2185 500 2272 Polygnotos
516 2183 566 2249 vel
583 2186 732 2250 Celonasn
749 2186 897 2274 appelles.
941 2187 1087 2250 Mediam
1102 2185 1189 2250 illam
1204 2185 1271 2252 for-

180 2285 217 2334 11
235 2291 320 2334 mam
345 2279 499 2347 teneant⁰
522 2272 563 2334 L.
595 2272 724 2358 Craffies,
750 2273 789 2358 Q
817 2271 1001 2355 Hortenstas.
1045 2273 1128 2334 Tum
1153 2271 1269 2337 deinde

234 2353 408 2423 efflorescat
428 2379 493 2420 non
517 2355 657 2420 multum
679 2359 763 2421 inter
784 2358 815 2422 se
836 2357 1017 2420 distantium
1031 2364 1175 2442 tempore
1196 2379 1269 2420 ora·

213 2507 217 2514 ,
233 2452 338 2505 torum
354 2441 468 2526 ingens
484 2455 667 2526 proventus.
715 2443 800 2506 Hinc
814 2445 877 2507 vin
893 2441 1035 2520 Caesaris,
1050 2441 1176 2505 indolem
1192 2443 1270 2519 Coe·

231 2525 279 2605 lii,
286 2526 488 2612 subtilitatem
504 2525 643 2602 Callidii,
657 2529 843 2612 gravitatem
865 2528 968 2606 Bruti,
984 2550 1104 2590 acumen
1120 2528 1268 2614 Sulpicii,

234 2611 423 2676 acerbitatem
446 2610 551 2688 Casiri,
568 2610 757 2696 diligentiam
773 2611 936 2688 PollioniS‚
954 2611 1131 2696 dignitatem
1152 2612 1270 2678 Messe-

234 2695 285 2772 lae,
290 2695 484 2792 fertilitatem
500 2694 590 2758 Calvi
611 2696 818 2780 reperiemus,
866 2699 900 2759 ln
922 2696 973 2759 his
992 2696 1101 2774 etium,
1117 2699 1223 2784 quosi
1248 2699 1270 2763 si

237 2779 387 2859 vidtinuS,
402 2782 512 2865 copiam
534 2781 674 2857 Senecae,
690 2782 770 2844 vires
790 2780 945 2859 Africani,
960 2782 1163 2845 maturitatem
1184 2721 1269 2866 Alii,

224 2865 445 2958 jucunditatem
461 2863 693 2951 Crispissoniim
708 2866 869 2933 Trachalli
883 2879 907 2945 P,
923 2866 1103 2954 elegantiam
1118 2869 1272 2935 Secundi.

210 3039 213 3044 ¹
268 3047 489 3100 *tribuaturlent
575 3047 738 3115 lexplicuisse
750 3051 781 3098 G.
862 3057 881 3081 ¹¹¹
900 3051 966 3098 lenes
978 3051 1009 3098 G.
1092 3052 1225 3102 ¹²Calones
1237 3055 1270 3104 G.

234 3114 299 3162 lens.
315 3115 362 3162 Sed
377 3115 460 3162 Graeea
476 3114 601 3161 terminatio
611 3116 635 3161 in
651 3117 734 3164 nomine
746 3117 825 3163 Greci
836 3117 987 3180 preferenda,
999 3133 1026 3163 ne
1036 3115 1132 3164 calones
1143 3119 1192 3182 quis
1208 3120 1272 3166 Laii·

235 3195 272 3226 noi
283 3178 404 3242 intelligat,
416 3179 474 3244 quod
482 3191 551 3226 monet
562 3181 641 3227 Burin.
707 3190 717 3211 ⁰
736 3191 819 3228 tenent
827 3181 862 3230 G.
926 3187 939 3220 P
954 3180 1067 3268 Trechali
1080 3182 1111 3230 G.
1122 3183 1185 3232 lens.

272 3359 299 3408 9.
317 3340 552 3410 tamquamnimius]
574 3335 726 3412 Inpulchri-
775 3341 843 3394 labio
870 3336 1027 3407 defonnem,
1057 3343 1162 3396 alterum
1185 3355 1269 3398 autem

236 3411 322 3461 tudine
341 3412 448 3462 nimium
466 3412 508 3462 esse
526 3411 588 3480 poise
607 3412 727 3463 artificem
775 3412 868 3463 enormi
890 3415 957 3474 naso,
981 3414 1052 3477 cujus
1076 3413 1166 3466 lacinia
1191 3427 1269 3484 eaput

155 3541 158 3550 ⁴
235 3491 350 3549 apertum
377 3479 426 3530 esti
457 3481 496 3532 sed
523 3483 547 3532 in
571 3481 727 3533 similitudine
776 3481 830 3533 esset
842 3496 974 3542 armatum,
990 3482 1174 3552 proposuissent.
1193 3485 1269 3536 Adeo

235 3553 312 3601 etiarn
334 3549 427 3602 nimius
450 3548 535 3610 fuerit,
559 3549 575 3602 si
597 3553 655 3620 quis
678 3569 727 3602 non
775 3549 873 3602 facilius
896 3551 928 3602 est
952 3552 1014 3602 vitia
1035 3553 1168 3622 exprimere
1192 3571 1268 3622 quam

235 3635 319 3672 naevos
336 3619 419 3680 modo,
437 3619 476 3671 sed
493 3619 599 3670 lichenas
617 3621 691 3671 etiam
703 3631 727 3671 et
775 3623 898 3672 virtuteei
924 3621 1020 3672 Deinde
1040 3621 1177 3692 ingeniosos
1196 3634 1269 3692 pute-

236 3688 356 3759 pustulas,
378 3688 476 3758 aliaque
498 3691 595 3740 minuta
618 3690 727 3758 corporis
776 3707 832 3740 inus
845 3689 971 3759 pueronsi
988 3688 1034 3758 qui
1051 3690 1167 3742 vitiosum
1179 3690 1270 3743 sermo·

236 3758 309 3821 vitia,
329 3775 385 3827 quie
409 3758 509 3828 quidem
531 3760 562 3809 ad
585 3759 684 3810 vultum
704 3770 728 3810 et
777 3759 842 3820 neni,
855 3753 1068 3827 gestum‚'vultuui
1086 3758 1191 3815 aliorum
1203 3761 1268 3814 festi-

237 3827 351 3884 lubimm
374 3829 483 3898 corporis
511 3828 575 3879 nihil
597 3828 728 3910 pertinent,
777 3846 806 3880 ve
817 3830 954 3880 imitentur.
1156 3833 1160 3838 “

237 3899 297 3950 velit
316 3897 458 3968 exprimere.
490 3898 562 3949 Subit
580 3896 621 3948 hic
639 3899 728 3948 vitium
815 3917 857 3950 11.
886 3897 1033 3966 elegantiam
1062 3899 1177 3964 Secundi]
1208 3903 1268 3954 Non

237 3969 392 4040 quorundam
410 3966 577 4019 similitudinis
594 3968 728 4028 artificum,
777 3967 855 4019 Plinii
872 3967 987 4032 junioris,
999 3985 1074 4037 quern
1086 3972 1268 4034 nominaturus,

237 4039 331 4105 qui‚ut
348 4037 502 4090 nobilissimis
520 4035 601 4088 saeeuli
619 4037 728 4106 superio·
777 4048 896 4106 tanquam
914 4041 1001 4088 vivum
1021 4047 1047 4088 et
1065 4037 1198 4101 juniorem,
1218 4058 1269 4094 non

161 4143 163 4150 ,
237 4108 273 4172 ris
290 4107 407 4178 exemplis
418 4119 485 4168 utar,
497 4120 552 4158 turn
568 4107 669 4158 deinum
682 4106 730 4156 mi·
777 4118 838 4158 enit.
860 4107 906 4158 Sed
918 4106 985 4170 Jalii
995 4105 1106 4167 Secundi,
1117 4105 1148 4158 de
1159 4128 1211 4179 quo
1225 4129 1268 4173 ιο,

237 4176 306 4227 rifice
322 4175 402 4228 sacres
414 4175 435 4227 se
446 4175 530 4228 vultus
550 4177 575 4227 in
587 4178 671 4227 numis
688 4193 730 4226 ex·
780 4195 791 4228 1
797 4211 805 4238 ‚
820 4194 879 4237 120,
891 4177 956 4228 unde
974 4176 1064 4228 teilicet
1076 4176 1155 4245 elogia
1172 4199 1267 4248 eorum,

236 4244 337 4314 pressisse
354 4247 510 4307 ridebantur,
527 4245 544 4298 si
563 4247 666 4298 alterum
687 4246 730 4296 de·
779 4247 824 4316 qui
836 4247 876 4300 hic
887 4246 1030 4308 laudantur,
1042 4248 1093 4316 peti
1105 4247 1211 4317 potsunt.

235 4315 356 4390 pendente
377 4314 445 4370 ultra
472 4315 579 4385 penoris
605 4317 730 4390 regionem
1053 4359 1055 4368 .
