3014 4918
250 437 310 502 292
484 418 530 480 M.
551 416 675 479 FABII
697 415 1045 477 QUINCTILIANI

240 581 340 648 nimo
365 593 529 648 momento
554 579 688 647 finister:
712 603 819 670 genua
840 579 936 660 recta,
956 577 997 652 fic
1017 591 1138 659 tamen,
1157 588 1195 644 ut
1216 595 1282 645 non

251 667 475 732 extendantur.
520 669 658 732 Humeri
672 669 785 731 remiffi
796 678 822 746 ²,
838 666 946 730 vultus
967 667 1102 744 severuS,
1117 685 1182 729 non
1197 687 1275 728 moe·

252 753 326 832 stus,
341 775 401 818 nec
417 753 553 840 stupens,
569 775 628 816 nec
643 752 834 839 languidus:
857 751 988 814 brachia
1002 773 1020 813 a
1040 750 1139 813 latere
1157 750 1284 814 modice

251 850 395 902 remota:
419 859 533 902 manus
554 837 679 916 finistra,
694 837 822 924 qualem
841 837 930 921 supra
949 835 1180 899 demonstravit
1204 834 1282 898 dex-

250 934 312 1001 tra,
328 944 402 986 cum
420 922 489 1008 jam
509 921 725 1008 incipiendum
747 921 818 999 erit,
834 921 977 1006 paullum
1000 919 1120 1005 prolata
1139 919 1224 983 ultra
1243 919 1283 981 fi-

252 1029 332 1071 num
348 1008 437 1094 gestu
453 1028 549 1094 quam
572 1006 803 1085 modestissimo,
820 1005 909 1069 velut
929 1005 1137 1104 exspediana²
1156 1001 1284 1090 quando

252 1091 317 1156 inci
341 1091 469 1156 iendum
485 1091 532 1155 srt.
575 1091 698 1156 Vitiosa
713 1091 799 1155 enim
814 1089 887 1154 sunt
900 1089 966 1168 illa,
982 1089 1100 1154 intueri
1114 1089 1282 1166 lacunaria,
1298 1094 1343 1143 160
1398 1116 1400 1119 ’

252 1113 420 1262 perliieare
434 1175 559 1255 faciem,
576 1186 609 1240 et
623 1177 706 1262 quasi
722 1175 899 1260 improbam
914 1173 1040 1240 sacere:
1064 1174 1194 1238 tendere
1206 1195 1285 1236 con-

254 1261 384 1325 fidentia
398 1260 537 1339 vultum,
553 1273 619 1340 aut,
635 1282 700 1347 quo
721 1260 759 1323 s1t
778 1259 880 1346 magis
902 1271 1023 1335 torvus,
1039 1257 1213 1344 superciliis
1227 1257 1285 1322 ad·

253 1343 426 1432 stringere:
450 1367 487 1410 ca
510 1346 582 1409 illos
596 1367 616 1408 a
629 1345 733 1408 fronte
747 1357 857 1407 contra
873 1356 1016 1406 naturam
1032 1356 1115 1408 retro
1129 1364 1234 1429 agere,
1250 1354 1293 1406 ut

254 1430 319 1494 fitl’
345 1431 455 1494 horror
478 1369 532 1494 ille
552 1429 724 1494 terribilis:
748 1441 829 1507 tum,
845 1426 879 1490 id
901 1427 989 1515 quod
1010 1429 1114 1492 Graeci
1138 1427 1287 1513 frequen·

255 1515 368 1578 tilllme
383 1515 516 1593 faciunt,
532 1515 643 1578 crebro
657 1513 833 1600 digitorum
848 1512 1006 1576 labiorum
1032 1533 1071 1574 ue
1086 1526 1177 1576 motu
1197 1534 1288 1575 com-

151 1640 154 1647 =
255 1599 402 1676 mentari,
424 1599 507 1663 clare
533 1597 701 1677 exscreare,
719 1597 834 1684 pedem
850 1597 993 1661 ‘alterum
1009 1535 1116 1682 longe
1138 1597 1288 1680 proferre,

226 1757 230 1770 ι
254 1688 377 1770 partem
400 1697 487 1770 togae
509 1683 623 1747 finistra
644 1697 764 1762 tenere,
780 1681 1043 1746 stare'didutium
1060 1680 1110 1744 vel
1133 1681 1288 1767 rigidum,
1343 1687 1344 1690 ’

255 1768 308 1832 vel
329 1769 487 1853 supinum,
503 1767 553 1830 vel
574 1768 754 1847 incurvum,
769 1767 819 1830 vel
841 1767 995 1846 humeris,
1010 1779 1048 1829 ut
1069 1765 1218 1830 luttaturi
1238 1765 1288 1829 so·

255 1853 335 1932 lent,
351 1853 391 1916 ad
411 1853 595 1938 occipitium
613 1852 728 1918 ductis.
774 1851 931 1916 Prooemio
945 1849 1192 1937 frequentissime
1207 1850 1288 1914 lenis
1301 1859 1342 1908 161

219 2007 222 2015 s
257 1937 406 2002 convenit
428 1937 657 2022 pronuntiati0.
702 1936 796 2002 Nihil
817 1938 860 2000 est
880 1935 965 1999 enim
988 1937 1028 2000 ad
1052 1935 1290 2000 conciliandum

256 2022 380 2108 gratius
403 2021 612 2086 verecundia:
636 2031 700 2086 n'on
724 2021 915 2086 tamensem
940 2042 984 2084 er.
1028 2021 1101 2084 Nec
1120 2020 1206 2084 enim
1226 2041 1290 2084 uno

257 2106 354 2187 modo
377 2105 528 2171 dicuntur
548 2106 689 2185 exordia,
706 2119 745 2172 ut
765 2106 872 2169 docui.
917 2044 1108 2190 Florumque
1129 2113 1235 2168 tamen
1257 2117 1292 2168 et

257 2213 321 2256 vox
339 2203 522 2277 temperata,
537 2205 585 2256 ac·
596 2192 700 2290 gestus
719 2190 888 2269 modestus,
905 2204 937 2253 et
959 2189 1068 2255 sedens
1088 2190 1223 2253 humero
1238 2203 1290 2253 to-

302 2323 312 2354 ,
333 2289 367 2339 et
388 2275 524 2341 laterum
544 2277 626 2340 lems
647 2276 681 2338 in
702 2289 872 2360 utramque
894 2286 1014 2360 partem
1035 2284 1155 2351 motus,
1175 2273 1288 2338 eodem

220 2428 222 2434 ,
257 2298 471 2446 {sedentibus
502 2361 617 2438 oculis,
642 2359 780 2424 decebit.
824 2359 974 2423 Narratio
1002 2357 1105 2444 magis
1134 2358 1289 2444 prolatam
1303 2370 1347 2422 162

258 2466 402 2524 manum,
419 2445 573 2509 amitium
594 2444 802 2522 recidentem,
823 2444 946 2530 gestum
969 2441 1161 2520 dillinttum,
1178 2455 1291 2508 vo'cem

190 2581 195 2594 .
252 2530 395 2594 sermoni
416 2530 604 2616 proximam,
619 2551 656 2592 ac
675 2542 800 2592 tantum
822 2529 1021 2612 apertiorem,
1037 2529 1150 2591 sonum
1173 2527 1291 2613 fimpli-

259 2617 331 2678 cem
346 2613 594 2701 frequentissime
608 2612 777 2700 postulabit
791 2613 823 2676 in
839 2613 890 2675 his
905 2614 1069 2690 duntaxat,
1087 2611 1215 2696 Quintus
1230 2613 1292 2699 igi-

260 2711 310 2762 tur
334 2700 491 2794 Ligurius,
514 2723 578 2763 cum
601 2699 666 2784 ssat
690 2699 806 2761 adhaec
831 2697 919 2762 nulla
946 2698 1015 2760 belli
1026 2699 1068 2784 su
1078 2696 1166 2784 pitia,
1188 2709 1231 2776 et,
1247 2704 1291 2764 A.

262 2785 415 2852 Clucntrus
431 2784 565 2848 Habitus
577 2796 662 2868 pater
677 2784 803 2867 bu'usce.
848 2782 948 2848 Aliud
963 2781 1000 2848 in
1012 2805 1048 2846 ea
1071 2805 1122 2845 em
1136 2781 1293 2868 poscunt<l

259 2869 404 2946 affectus,
427 2867 478 2932 vel
501 2868 664 2946 concitati,
689 2809 787 2932 alulit
811 2891 918 2952 genero
928 2869 1061 3013 socrus.-
1086 2867 1135 2931 vel
1159 2863 1292 2944 flebiles,¹

262 2951 456 3039 Corssituitur
469 2952 578 3038 infore
594 2952 751 3016 Laodicea
762 2965 785 2990 ⁶¹
786 2953 927 3049 spetleca
941 2977 989 3014 um
1005 2951 1138 3016 acerbum
1159 2963 1187 3014 et
1207 2952 1291 3098 mape-

260 3063 326 3100 rum
341 3037 395 3102 toti
408 3036 496 3136 Afiae
506 3036 682 3122 provinciae.
723 3038 868 3100 Mamme
883 3036 967 3101 varia
981 3050 1013 3100 et
1027 3037 1196 3122 multiplex
1210 3043 1247 3100 at
1262 3036 1293 3099 io
1307 3041 1349 3108 163

261 3123 304 3186 est
325 3121 561 3207 probationum.
606 3122 694 3185 Nam
715 3123 769 3184 et‘
791 3141 978 3207 proponere,
996 3119 1118 3206 partiri,
1134 3121 1294 3183 &interro-

261 3227 351 3292 gare,
371 3205 508 3268 sermoni
530 3205 603 3269 sunt
625 3205 779 3290 proxima,
795 3218 829 3268 et
851 3205 1135 3270 contradictionem
1160 3205 1294 3270 sumere.

262 3291 352 3356 Nam
376 3311 413 3352 ea
435 3300 564 3375 quoque
585 3289 704 3352 diversa
724 3290 893 3374 propositio
912 3291 977 3354 est.-
1011 3288 1073 3352 Sed
1094 3288 1165 3352 haec
1187 3301 1295 3353 tamen

262 3373 436 3461 aliquando
462 3373 640 3451 irridentes,
663 3373 832 3458 aliquando
856 3375 1018 3438 imitantes
1040 3374 1294 3460 pronuntiamus·

262 3457 512 3546 Argumentatio
532 3457 719 3543 plerumque
741 3458 866 3543 agilior,
880 3471 913 3522 et
934 3458 1046 3537 acrior,
1065 3471 1100 3522 et
1120 3459 1294 3538 instantior,
1309 3473 1354 3536 164

265 3543 517 3634 consentientem
533 3543 669 3607 orationi
690 3542 824 3630 postulat
840 3543 937 3608 etiam
956 3545 1091 3631 gestum,
1106 3543 1140 3607 id
1160 3545 1215 3624 est,
1230 3543 1294 3608 for-

299 3767 310 3791 2
332 3759 384 3808 th.
396 3759 441 3824 Ieg.
452 3759 556 3809 demiffi=
574 3733 698 3824 nist-tamn
708 3761 797 3808 eandem
807 3760 857 3808 vim
867 3761 947 3810 labent
956 3760 1052 3808 remiffi.
1136 3762 1139 3768 '
1161 3765 1172 3791 ¹
1189 3759 1296 3823 rpeaans

267 3825 299 3871 G.
310 3825 374 3872 lens.
439 3825 449 3854 ὓ
468 3824 560 3872 silens.
625 3833 634 3855 ⁸
653 3827 679 3871 in
690 3828 771 3872 Attica
781 3827 812 3874 G.
822 3827 887 3874 Jens.
962 3827 974 3856 ‘²
992 3827 1073 3887 poscet
1082 3821 1144 3872 lens.
1221 3832 1230 3856 ⁸
1250 3827 1297 3873 Lo·

266 3891 342 3940 diceae
353 3889 384 3936 id.
450 3887 461 3919 f
476 3905 517 3936 om.
530 3888 562 3936 id.
629 3895 640 3925 Β
658 3900 682 3937 et
693 3890 733 3954 irfi
745 3891 774 3939 G.

306 4077 369 4126 162.
388 4079 424 4145 Q
435 4074 513 4144 igitur
523 4074 652 4144 Ligarius]
670 4076 759 4128 Statim
844 4079 904 4140 163.
921 4074 1247 4146 contraditiionemsamere]
1259 4077 1296 4129 Ut

268 4161 294 4198 c.
310 4161 334 4195 1.
364 4145 397 4198 A.
416 4145 540 4210 Cluentius,
557 4156 582 4197 et
601 4144 662 4196 illud
683 4145 760 4197 Nubit
806 4145 883 4214 vulgo
901 4145 1028 4214 adsumere
1045 4156 1215 4214 argumentum
1231 4149 1297 4199 'dici-
1334 4165 1337 4172 ’

262 4229 355 4284 genero
371 4231 416 4282 pro
434 4215 535 4267 Cluent.
549 4232 574 4281 5.
605 4213 760 4285 constituitur
807 4226 858 4274 tur,
878 4214 903 4276 h.
916 4232 939 4265 e.
953 4232 986 4265 re
1004 4225 1066 4264 erere
1088 4215 1159 4280 illud,
1177 4216 1246 4286 quod
1263 4219 1297 4268 ab

270 4284 420 4346 iuVerr.1,
436 4301 476 4350 30.
807 4233 1103 4338 adversariodidumest.
1163 4325 1167 4332 r
1260 4291 1266 4322 ἒ
