3030 4924
181 379 183 388 ’
271 405 329 472 254
484 387 550 450 ¹M.
565 387 698 450 rann
712 383 1080 454 uurrrc’rtststrr

259 565 357 620 totns
376 548 484 618 ncllro
504 552 638 620 arbitrio
659 552 860 636 constitutus,
876 573 952 620 cnm
974 566 1100 622 tannem
1122 553 1182 622 ille
1201 555 1305 626 valeat

193 667 195 676 ¹
260 638 433 708 alternus?
464 638 571 704 Etiam
592 659 667 726 quae
689 641 772 704 bene
797 639 972 727 composita
991 652 1098 722 erunt,
1112 642 1301 708 memoriam
1314 653 1359 724 39

264 724 344 790 serie
369 724 425 791 sua
446 723 577 790 ducent.
621 726 707 790 Nam
735 725 815 790 ficut
838 723 967 791 facilius
988 727 1098 792 versus
1120 726 1303 810 ediscimus,

263 831 365 896 quam
391 808 512 897 prosam
545 808 744 876 orationem:
776 811 824 876 ita
851 809 973 910 prosam
1003 809 1186 892 vinnaina·
1205 825 1303 900 qn'am
1339 867 1343 877 .

259 894 458 961 'ditiolutam
503 894 556 959 Sic
576 896 749 984 contingit,
764 907 803 961 ut
821 908 919 961 etiam
939 919 1015 984 quie
1032 919 1075 961 ex
1087 899 1302 985 tempore-vi-

261 981 422 1046 debantur
449 978 556 1059 effusa,
587 980 627 1044 ad
654 983 791 1048 verbum
818 982 955 1070 repetita
973 981 1178 1048 reddantur:
1214 985 1303 1071 qnod

264 1086 347 1132 meae
361 1087 490 1154 quoque
504 1065 669 1130 memorie
680 1066 937 1132 mediocritatem
951 1066 1154 1156 sequebatur,
1166 1069 1187 1132 st
1201 1090 1304 1156 qnan-

263 1151 308 1216 do
323 1152 518 1218 interventus
531 1151 725 1238 aliquorum,
738 1151 796 1240 qui
816 1152 904 1217 hunc
921 1152 1078 1219 honorem
1093 1165 1304 1235 mererentur-9

264 1237 378 1302 iterare
399 1234 641 1302 declamationis
677 1249 777 1304 artem
793 1236 965 1336 coegilletr
989 1259 1049 1303 nec
1070 1239 1114 1304 est
1133 1238 1303 1306 mendacio

260 1322 367 1402 locus,
380 1321 473 1388 salvis
489 1321 547 1410 qui
561 1259 799 1421 intenderunt..
830 1323 866 1388 Sr
880 1321 953 1409 quis
966 1335 1075 1389 tamen
1089 1345 1189 1422 unam
1200 1326 1303 1390 maxi-
1313 1337 1358 1402 40

258 1419 1177 1580 ,ttltttltlnlllt‘t'totnl‘ntt‘ttt
1186 1411 1304 1582 ,till

264 1576 423 1666 quotidie,
452 1577 700 1666 potentiffimnm
728 1577 784 1643 est.
865 1577 926 1644 thil
962 1599 1056 1666 aeque
1083 1579 1135 1644 vol
1164 1595 1304 1670 augetur

265 1686 353 1743 cura,
369 1664 422 1727 vel
444 1662 647 1750 negligentia
669 1663 845 1730 intercidit.
886 1663 1001 1731 Quare
1017 1677 1052 1730 et
1071 1663 1163 1752 pueri
1184 1666 1300 1748 statim,
1314 1675 1355 1742 41

264 1762 303 1814 ut
323 1747 473 1836 praecepi,
487 1769 584 1835 quam
603 1747 742 1835 plurima
762 1748 914 1831 ediscant,
929 1762 975 1830 et,
1012 1771 1204 1840 uaecumque
1220 1764 1304 1821 retu

264 1855 393 1934 operam
409 1833 559 1921 jurandae
575 1832 676 1898 studio
690 1833 854 1900 memoriae
871 1833 973 1916 dabit,
988 1773 1120 1901 devoret
1132 1835 1230 1902 initio
1241 1851 1302 1902 tae-
1339 1889 1343 1898 .
1362 1885 1364 1890 ·

255 1919 356 1986 «dium
376 1918 458 1984 illud
482 1931 516 1983 et
537 1918 651 2005 scripta
670 1931 705 1984 et
724 1919 810 1985 lecta
826 1919 942 2006 sepius
958 1920 1152 2001 revolvendi,
1169 1934 1202 1988 et
1217 1925 1303 2011 quasr

262 2003 418 2103 eumdem
440 2002 551 2069 eibum
572 2004 793 2103 remandendi.
837 2005 939 2072 Quod
958 2006 1061 2156 issum
1081 2006 1227 2074 hocfieri
1242 2029 1301 2096 po·

264 2091 323 2156 test
335 2090 449 2168 levius,
464 2089 485 2152 sr
491 2110 601 2239 ἔψαυσα
614 2109 767 2176 primum,
782 2101 816 2156 et
829 2111 902 2177 quae
917 2103 960 2156 tae
984 2115 1052 2157 rum
1065 2113 1137 2157 non
1158 2092 1303 2175 afferant,

265 2175 490 2264 coeperimuse
514 2174 631 2240 isoerer
654 2187 727 2240 tum
747 2174 892 2262 quotidie
912 2175 1050 2266 adjicere
1070 2177 1211 2268 lingulas
1231 2201 1302 2244 ver·
1337 2229 1342 2238 .

258 2263 329 2342 ·sus,
343 2281 483 2347 quorum
497 2259 628 2338 acceffio
641 2259 745 2324 labori
758 2260 880 2326 sensum
895 2261 1088 2328 inerementi
1102 2285 1167 2328 non
1182 2263 1302 2346 afferat,

266 2347 300 2411 in
325 2347 480 2411 summam
506 2345 568 2410 ad*
594 2343 759 2411 infinitum
784 2345 884 2433 usque
905 2345 1090 2434 perveniat:
1121 2361 1155 2413 et
1176 2349 1304 2436 poetica

260 2432 367 2522 prius,
386 2444 456 2494 tum
480 2443 656 2510 oratorum,
671 2429 833 2496 noviffime
857 2429 954 2496 etiam
976 2431 1127 2498 solutiore
1148 2435 1303 2517 numeris,

266 2531 302 2584 et
316 2516 421 2605 magis
438 2515 479 2580 ab
499 2515 557 2580 usu
573 2515 710 2580 'dicendi
730 2527 864 2596 remota,
880 2517 988 2604 qualia
1008 2517 1082 2583 sunt
1095 2517 1302 2607 jurisconsul-

258 2616 387 2670 torum.
430 2601 620 2667 Difficilium
634 2599 720 2666 enim
743 2602 865 2667 debent
884 2601 957 2683 elle,
972 2625 1046 2692 qua
1061 2617 1221 2687 exercent,
1236 2629 1302 2695 quo
1314 2613 1359 2680 42

266 2690 304 2755 fir
319 2687 421 2754 levius
435 2687 445 2750 i
469 2687 536 2752 sum
552 2685 644 2765 illud,
659 2686 693 2751 in
707 2687 797 2774 quod
809 2700 980 2754 exercent:
1006 2709 1057 2754 ur
1073 2689 1206 2757 athletae
1219 2713 1301 2794 pon·

261 2773 399 2840 ‘deribus
423 2709 583 2860 plumbeis
611 2769 817 2854 alluefaoiunt
840 2795 968 2852 manus,
991 2773 1113 2861 quibus
1133 2798 1246 2844 vacuis
1270 2789 1304 2844 et

269 2859 366 2926 nudis
391 2857 425 2921 in
449 2857 622 2922 certamine
642 2857 800 2923 utendum
823 2859 878 2924 est.
921 2857 999 2924 Non
1021 2859 1169 2927 omittam
1192 2861 1303 2943 etiarm

293 2944 357 3010 uod
377 2941 574 3031 quotidianis
593 2942 821 3029 experimentis
840 2942 1100 3030 deprehenditur,
1115 2947 1250 3014 minime
1265 2947 1303 3012 li-

186 3035 189 3046 *
243 2969 376 3096 'delem
397 3027 458 3092 effe
480 3027 587 3115 paullo
611 3027 807 3096 tardioribus
829 3027 969 3116 ingeniis
993 3043 1155 3097 recentem
1177 3055 1303 3098 memo·

260 3115 360 3181 riam.
404 3112 528 3178 Mirum
553 3111 643 3178 dieu
665 3111 720 3192 est,
736 3133 796 3180 nec
818 3113 853 3178 in
877 3127 1009 3202 promtu
1029 3113 1123 3196 ratio,
1168 3123 1356 3194 uantum43

269 3221 335 3266 nox
357 3198 537 3284 interposita
559 3197 669 3264 afferat
691 3198 864 3280 firmitatis,
887 3198 950 3266 sire
969 3199 1105 3288 quiescit
1123 3201 1134 3265 l
1178 3223 1214 3266 or
1235 3203 1303 3286 ille,

269 3285 362 3374 cujus
386 3284 441 3348 fibi
465 3283 530 3369 ipsa
551 3281 605 3347 fati
651 3283 698 3348 tio
718 3283 872 3365 obstabat,
893 3283 956 3352 five
976 3296 1164 3367 numerus,
1180 3298 1305 3376 aequet

260 3367 482 3458 concoquitur
495 3379 522 3448 ⁸,
536 3368 590 3433 seu
626 3369 776 3436 rmillrma
790 3369 861 3458 ejus
873 3391 946 3456 pare
959 3369 1003 3434 est
1017 3372 1214 3438 reeordatior
1231 3397 1305 3461 quae

270 3458 372 3522 statim
395 3453 503 3520 referri
518 3475 583 3518 non
603 3465 761 3542 poterant,
776 3467 992 3522 contexuntur
1006 3455 1126 3542 postera
1145 3457 1210 3538 die,
1224 3483 1304 3526 con-

270 3542 439 3630 firmatque
462 3537 649 3604 memoriam
674 3539 761 3606 idem
789 3538 872 3606 illud
891 3551 1040 3630 tempus,
1064 3544 1152 3630 quod
1178 3545 1242 3610 elle
1270 3544 1306 3611 in

303 3755 490 3818 rjunttamis'd.
557 3757 683 3806 taclens,
749 3753 828 3804 rnre
839 3754 870 3806 G.
881 3769 910 3806 ac
920 3756 985 3808 lens.
1049 3763 1062 3790 ¹
1080 3760 1192 3822 coquitur
1201 3759 1265 3813 lens.

307 3960 353 4007 4¹·
371 3953 399 3994 ut
411 3939 529 4012 precept]
549 3940 627 4012 Supra
642 3961 666 4004 ι,
680 3959 704 4004 ι,
719 3957 762 4010 35.
812 3942 861 3996 huc
873 3943 985 3997 tolleret-v
1090 3941 1095 3948 ’

273 4026 298 4069 et
310 4033 336 4075 a,
351 4031 377 4080 7,
390 4031 414 4064 a.
429 4013 482 4092 sq..
609 4080 613 4090 ¹
732 4081 738 4094 ⁹
846 4031 892 4078 42.
911 4015 946 4098 tlt
964 4011 1064 4066 athleta
1079 4014 1237 4084 ponderibus]
1259 4014 1305 4082 Vql

272 4079 766 4206 rrrttt'lll'ltl'tltllmlllll
811 4081 1306 4224 iillsslii‘ni'll'iiffirlff‘⁰ii

272 4223 340 4276 hori
352 4219 452 4292 singulis
468 4221 557 4282 vitulo,
569 4218 690 4292 perfecill‘e
701 4219 766 4274 dici·
813 4222 978 4285 consuescam,
991 4221 1059 4292 qnod
1077 4226 1170 4293 etiem
1185 4227 1213 4280 tn
1241 4224 1307 4280 olido

272 4305 324 4356 rur,
334 4304 362 4344 ur
374 4292 461 4346 bovem
474 4290 603 4361 paullatim
615 4289 710 4346 facium
721 4291 766 4344 ad·
813 4289 1135 4352 euntteurdeeorumrttf
1156 4311 1163 4334 ··
1201 4325 1206 4336 =
