3008 4914
197 359 257 422 ,44
428 299 988 404 urnr1rouruoolurunr
1048 349 1055 360 ·

199 507 276 574 dice
294 503 390 575 dotet
415 503 554 579 mltum
577 525 617 570 ex
635 505 786 590 eoquod
806 505 915 591 potnit
933 501 1230 585 dicb'roddeturre
1257 534 1260 543 ·

200 591 303 657 editio
328 589 461 654 babebit
486 589 604 654 omniu.
649 590 732 654 Quae
757 604 866 656 autem
888 590 1063 656 secundum
1085 604 1235 656 naturam

195 675 413 764 judicantium
426 674 512 740 dieta
525 673 608 753 suut,
623 696 687 740 non
702 673 747 740 ita
763 675 891 762 pollerie
907 675 1159 752 tredemunne‘
1183 674 1233 740 vi·

200 761 337 826 deantur
358 759 507 847 proposui
527 759 628 838 tuille,
647 781 711 824 non
734 760 897 847 temporie.
940 761 1028 826 Nam
1046 761 1081 826 id
1102 759 1294 848 qnoquefi

200 847 375 934 plurimum
391 845 498 932 refert,
513 865 579 932 quo
592 845 692 911 modo
704 843 805 931 judex
819 845 931 912 audire
945 845 1044 912 velita
1066 859 1163 932 etque
1178 844 1231 908 ei¹¹

200 932 311 1003 vulvae
331 932 412 1030 saepe
432 931 496 1017 ipse
511 930 639 996 trouv
661 929 705 996 est
718 930 864 1010 dicentis,
878 944 916 994 ut
939 931 1053 998 Cicero
1075 929 1234 1018 praeuipito

197 1017 345 1104 ,ideoque
367 1016 544 1082 rollandum
567 1015 620 1094 iis,
635 1025 711 1101 quat
728 1015 851 1100 plaeere
874 1016 1079 1095 intellexeris,
1093 1015 1230 1080 rutilior·-

202 1101 281 1172 dun
297 1101 403 1181 abiis,
419 1123 492 1188 quae
513 1122 578 1164 non
599 1100 802 1187 recipientur.
847 1102 959 1166 Sermo
978 1102 990 1166 i
1012 1102 1054 1181 le,
1069 1102 1126 1187 qui
1140 1100 1233 1166 facile

196 1185 341 1274 judicem
356 1187 481 1265 doceat,
495 1185 664 1271 optandus.
707 1187 778 1252 Nec
793 1185 826 1250 id
840 1186 957 1252 mirum
1001 1201 1027 1266 t,
1040 1211 1115 1252 enm
1136 1186 1233 1250 etiam
1242 1204 1283 1273 57

202 1272 326 1338 testium
350 1271 490 1359 personis
511 1271 619 1357 aliqua
644 1284 820 1336 mutentur.
865 1271 1037 1336 Prudenter
1058 1273 1157 1350 enim,
1175 1273 1234 1358 qui

202 1377 278 1422 oum
301 1356 518 1442 interrogallet
541 1356 688 1420 rusticum
711 1357 833 1435 testem,
859 1367 925 1420 ant
947 1357 1115 1446 Amphiona
1129 1367 1143 1396 ²
1164 1359 1233 1444 nos-
1287 1432 1291 1440 Ι

192 1446 297 1530 set²r⁹
328 1444 492 1528 neganteb
514 1463 554 1504 eo
577 1441 713 1506 denarie
736 1441 956 1528 aspirationem
966 1455 994 1520 ⁶,
1017 1441 1235 1527 breviavitque

202 1527 372 1594 secundam
380 1526 455 1593 ve'us
470 1527 609 1590 nominis
620 1525 785 1610 syllabam,
795 1540 828 1592 et
840 1518 894 1590 ille
905 1549 980 1592 eum
992 1527 1032 1592 fic
1040 1528 1163 1612 optime
1174 1549 1236 1590 nou

202 1626 263 1678 rat.
298 1611 364 1697 Huj
403 1611 491 1676 modi
506 1610 592 1676 celus
606 1612 760 1692 efficiunt,
773 1625 810 1676 ut
820 1612 991 1699 aliquando
1006 1613 1129 1676 dicetur
1143 1611 1236 1676 aliter

204 1721 301 1785 quam
326 1697 473 1762 scribitur
482 1721 493 1775 ;
514 1719 588 1760 cum
610 1697 727 1775 dicere,
745 1721 811 1784 quo
827 1697 931 1766 ,modo
952 1697 1153 1762 scribendum
1178 1698 1233 1775 est,
1321 1756 1326 1763 .

203 1805 268 1848 non
293 1781 383 1848 licet.
426 1781 538 1846 Altera
563 1782 605 1844 est
630 1781 749 1862 divifio,
764 1805 835 1867 quoe
858 1783 890 1846 in
915 1795 977 1846 tres
998 1796 1102 1868 portes
1117 1797 1150 1848 et
1170 1782 1285 1870 ipsu58

203 1867 372 1945 disceditd,
389 1889 452 1954 qua
474 1866 606 1930 discerni
629 1867 712 1952 polle
733 1869 831 1932 etiarn
855 1867 940 1932 redte
963 1868 1091 1932 dioeudi
1116 1887 1252 1954 genera·

202 1954 287 2019 inter
300 1954 331 2018 se
348 1953 505 2018 videntur.
550 1953 700 2038 Namque
715 1975 816 2018 unum
823 1952 949 2038 subtile,
964 1953 1050 2038 quod
1066 1952 1163 2034 ἰσχνὸν
1175 1975 1231 2016 vo-

203 2053 291 2104 cant.
336 2038 484 2104 Alterum
503 2038 738 2124 grandemque
758 2037 913 2186 rubuerunt,
929 2037 1018 2136 quod
1041 2037 1235 2102 constituunt
1284 2115 1289 2125 ¹

203 2123 295 2207 ἁδρόν.
329 2125 476 2188 Tertium
493 2121 547 2186 elii
562 2123 686 2186 medium
702 2145 741 2186 ex
756 2122 820 2186 duo
843 2146 893 2201 us,
909 2122 1114 2208 alrifloridum
1133 2128 1235 2204 (nurn-
1244 2145 1286 2212 59

227 2230 268 2274 ue
291 2207 325 2273 id
352 2207 469 2286 ἀνθηρὸν
491 2206 661 2292 appellant)
688 2207 891 2285 addiderunt,
907 2230 1044 2292 quorum
1065 2220 1173 2271 temen
1196 2230 1235 2272 en

203 2231 270 2357 lere
283 2293 365 2358 ratio
384 2293 439 2370 est,
455 2305 493 2356 ut
508 2293 646 2377 primum
666 2293 799 2370 docendi,
812 2292 984 2357 seeundum
1007 2293 1153 2370 movendi,
1169 2308 1234 2357 ter·

203 2378 287 2444 tium
310 2375 392 2443 illud
416 2393 562 2441 utrocurn
588 2392 660 2455 ue†
685 2378 826 2454 nomine,
850 2377 1026 2457 delectandi,
1042 2378 1101 2440 five
1122 2378 1233 2442 eliud‘

203 2401 642 2561 interconcilinudi3praellare
664 2462 828 2526 videaturf
847 2463 1009 2526 officium:
1034 2463 1068 2540 in
1089 2462 1232 2528 docendo
1274 2495 1279 2506 ²

203 2561 311 2614 autem
336 2571 467 2622 acumen,
491 2563 548 2611 rnss
569 2547 854 2614 interconciliando
878 2549 996 2628 lenitur,
1016 2547 1050 2612 in
1075 2541 1287 2612 movendo¹
1377 2629 1386 2646 ι
1490 2577 1491 2600 r

201 2633 374 2720 gravitash
404 2632 557 2696 videatur.
602 2629 713 2720 ltaque
742 2632 800 2697 illo
830 2632 937 2698 subtili
966 2632 1122 2719 praecipue
1151 2634 1233 2697 ratio

203 2717 349 2784 narrandi
372 2717 593 2805 probandique
612 2718 768 2783 consulit:
790 2717 843 2782 sed
864 2719 1064 2806 quodetiam
1083 2717 1231 2783 detrudis

237 2922 471 2970 'recideruntlenl
535 2925 589 2968 tut
601 2919 631 2968 G.
704 2923 773 2972 uhis
785 2919 877 2970 multus
888 2923 918 2970 G.
933 2938 954 2971 2.
1026 2921 1233 2970 ¹red'tor0br.er
1280 2963 1285 2970 .

205 2987 476 3052 uuoninspettoerlr.
540 2989 595 3032 tut
607 2985 638 3032 G.
647 2985 717 3032 lens.v
785 2989 979 3048 zllnrphiouern
992 2987 1022 3035 G.
1036 2987 1159 3049 Amphion
1169 2987 1232 3034 lens.

206 3061 219 3086 ²
236 3068 277 3097 om.
289 3053 319 3098 G.
331 3051 394 3098 Jens.
460 3052 470 3080 ⁸
490 3061 561 3111 negat
571 3061 595 3097 et
606 3051 665 3096 detr.
675 3051 738 3096 lens.
751 3062 840 3114 negant
850 3067 879 3098 eo
889 3052 1022 3098 detruxill'et
1033 3053 1064 3098 G.
1133 3057 1142 3081 ⁸
1162 3051 1233 3112 spira·

205 3116 272 3163 tione
281 3115 346 3164 brevi
358 3125 446 3174 autque
458 3115 488 3162 G.
555 3115 703 3162 “descendit
716 3117 746 3163 G.
811 3115 1011 3178 †ulrrorumque
1022 3117 1052 3162 G.
1066 3129 1088 3161 2.
1145 3116 1230 3162 «ΡΜ.

207 3197 248 3226 om.
262 3178 347 3226 Rollin
358 3189 379 3224 rt
393 3177 464 3240 Capp.
482 3179 525 3225 Pro
537 3179 601 3226 aliud
613 3180 674 3226 inter
684 3180 738 3242 conj.
751 3179 830 3228 Herem.
842 3181 967 3228 auditores.
1047 3177 1058 3210 ¹
1071 3177 1112 3227 Str
1122 3179 1153 3225 G.
1165 3179 1196 3227 G.
1208 3195 1231 3228 2.

207 3255 229 3290 et
238 3243 269 3288 al.
282 3241 356 3291 MSS.
367 3253 403 3305 ap.
415 3245 494 3290 Burm.
519 3243 566 3290 Cur
577 3242 648 3305 igitur
658 3242 691 3288 itu
702 3243 740 3290 dtu
752 3253 856 3291 retentum
868 3244 978 3292 videtur?
1043 3250 1054 3280 ⁸
1072 3259 1113 3290 om.
1126 3245 1156 3292 G.
1168 3245 1232 3291 lens.

206 3307 278 3356 horn.
291 3307 321 3354 G.

246 3477 288 3540 5⁶·
307 3471 336 3523 eir
349 3470 434 3526 vultus
448 3469 584 3542 saepeipse]
605 3471 630 3522 si
642 3488 697 3522 orn·
744 3472 806 3525 toris
824 3483 867 3524 aut
884 3484 986 3526 mortem
998 3479 1096 3543 raptae?
1115 3473 1234 3540 Adoptare

207 3545 268 3597 nino
285 3544 321 3594 ita
338 3541 429 3610 scripsrt
440 3543 542 3604 Fabius,
554 3541 621 3610 quod
640 3541 696 3593 alle-
745 3554 769 3592 et
791 3553 899 3612 coeptare
920 3555 973 3594 tota
996 3543 1051 3595 sunt
1071 3561 1100 3595 ex
1120 3543 1166 3594 hac
1187 3557 1236 3601 no„

207 3627 290 3667 verare
310 3627 357 3663 uon
381 3609 466 3673 autim,
483 3612 596 3663 dativum
616 3611 697 3680 posuit
745 3612 821 3664 tione.

208 3702 253 3755 pro
272 3682 382 3732 ablativo
402 3698 459 3732 cum
478 3677 653 3750 prepolitione.
668 3691 698 3732 ut
784 3699 824 3749 59.
847 3681 907 3749 five
928 3680 998 3733 aliud
1017 3676 1231 3743 interconciliundr]

209 3751 293 3804 auditu
303 3751 348 3801 tili
354 3759 472 3818 putaram
485 3752 532 3801 dcc.
550 3752 574 3800 Si
586 3749 697 3810 exstaret,
747 3750 955 3803 Interconrr'liandi
982 3751 1085 3802 verbum
1113 3765 1142 3800 an
1172 3748 1232 3800 alias

210 3822 308 3874 anobis
320 3821 419 3887 quidem
432 3822 545 3871 inventus
560 3818 614 3870 ellet
625 3820 697 3870 Cice·
746 3825 820 3870 etiarn
831 3821 936 3888 legetur,
948 3821 1045 3871 dubito.
1057 3820 1124 3870 ¹Cum
1137 3819 1175 3868 bis
1189 3837 1232 3888 po-

210 3894 288 3950 ronis,
300 3890 329 3939 ad
343 3906 414 3957 quem
427 3889 533 3958 respicit,
546 3889 624 3950 locus,
636 3888 699 3940 nibil
747 3888 817 3940 situm
838 3891 875 3950 stt,
887 3909 916 3942 eo
934 3891 1016 3942 minus
1035 3887 1109 3946 ausun
1127 3897 1231 3938 mutare.

212 3962 275 4013 forte
285 3959 449 4010 dubitationis
460 3957 646 4025 relinqueretur.
748 3957 823 4009 Aliud
836 3977 893 4010 vero
910 3977 922 4011 e
940 3962 1050 4028 margine
1067 3955 1176 4025 irrepsrlle
1193 3975 1232 4006 ar-

145 4029 147 4039 '
250 4033 291 4096 56.
310 4027 555 4095 Sermo-soporetur]
575 4027 610 4077 H.
620 4043 642 4077 e.
655 4025 699 4079 eli·
748 4029 837 4088 bitror,
865 4045 921 4080 curn
953 4030 1095 4081 varietatem
1123 4024 1233 4078 leelinnis

211 4101 315 4171 gendos,
338 4109 362 4147 et
391 4097 492 4148 studiose
508 4095 700 4157 ¹consedendus,
749 4113 922 4165 quamcunque
935 4095 1004 4153 aliud
1019 4095 1143 4166 exemplar
1158 4095 1233 4149 babe-
1261 4113 1265 4123 ·

210 4168 308 4233 aperior.
325 4167 430 4227 Quoties
443 4168 467 4217 in
480 4165 700 4217 declamationibus
749 4185 785 4228 re,
797 4165 886 4236 aliquis
897 4168 1023 4219 indicaret.
1062 4170 1065 4175 ’
1218 4129 1269 4217 ’4

210 4246 294 4306 optant
310 4237 411 4308 pientia
429 4233 626 4306 fortes‚nuptiar
644 4250 701 4305 rap·
806 4240 813 4250 '
1257 4231 1279 4268 ‘'·
