2942 4928
397 343 568 418 ru‘srrr.
589 351 796 414 crunon.
817 347 900 412 nro.
922 347 1050 411 virro.
1200 361 1236 426 μ

193 516 356 602 quoddam
373 517 527 604 monstrum
543 543 578 584 ex
598 531 695 582 uetere
715 515 772 580 illa
788 515 982 594 immanitate,
996 538 1067 602 qua
1086 512 1119 577 in
1138 511 1240 600 iisdem

194 601 323 690 verfizta
337 603 406 668 locis
420 605 542 668 dicitrer.
587 603 656 668 Noa
670 603 746 666 enim
763 602 934 688 Charybdin
948 615 1010 665 tam
1029 598 1162 687 irffeslam
1182 621 1236 659 ne·

195 709 257 770 que
274 688 559 774 Scyllamrravibas,
594 713 662 753 uam
683 687 766 774 {llum
780 689 813 750 ia
833 689 928 752 eodem
941 687 1026 773 freto
1039 685 1136 773 smffl
1149 682 1233 748 arbi·

139 781 184 853 73
198 783 276 840 tror.
320 776 394 840 Nec
409 775 558 862 pauciora
571 714 645 839 lunt
659 794 778 861 genera
791 770 971 838 minuendi.

287 929 415 944 —-·-
433 893 467 959 V
463 893 495 958 ia
510 893 613 982 offlbns
628 895 753 958 haerent.

188 1025 245 1090 :Et
257 1025 349 1111 quod
359 1025 474 1092 Cicero
489 1026 521 1091 in
535 1027 678 1113 quodam
692 1023 828 1113 joculari
841 1023 963 1106 libello,

246 1142 385 1208 Fundam
402 1142 520 1208 Varab
536 1157 634 1223 uocat,
650 1167 734 1230 quem
745 1142 846 1230 peffm
861 1143 976 1206 mittere
984 1142 1113 1228 suada}

289 1228 334 1292 Ne
349 1241 446 1293 tamen
460 1230 610 1309 exciderit,
627 1240 709 1317 qua‘
725 1229 916 1314 eavafima'a
926 1241 1023 1316 patet.

203 1360 270 1426 Sed
283 1362 378 1450 hujus
390 1367 403 1404 ‘¹
418 1386 549 1451 quoque
563 1363 608 1428 rei
623 1361 762 1428 servetur
776 1363 921 1426 mensura
932 1362 1091 1448 quaedam.
1108 1363 1233 1428 Quam·

201 1447 253 1511 vis
267 1449 352 1513 enirn
368 1449 410 1512 est
431 1451 536 1512 omnis
550 1449 702 1536 hyperbole
716 1448 800 1512 ultra
820 1448 935 1512 fidem:
959 1471 1021 1512 non
1045 1463 1152 1512 tamen
1173 1445 1234 1510 elle

164 1587 168 1600 .
202 1531 301 1596 debet
314 1533 399 1598 ultra
413 1535 545 1598 modum
559 1560 567 1597 :
592 1556 650 1597 nec
665 1529 726 1597 alid
740 1532 790 1596 via
803 1534 905 1620 magis
922 1535 954 1598 in
970 1533 1142 1614 κακοξηλίαν
1156 1532 1233 1596 itur.

145 1607 194 1707 ‘7¹4
204 1617 299 1704 Piget
313 1618 428 1683 referre
443 1619 582 1706 plurima
603 1619 679 1683 hinc
694 1631 763 1683 orta
777 1618 866 1698 vitiu,
883 1641 955 1684 cum
978 1617 1146 1704 praesertim
1170 1616 1234 1680 nri-

201 1703 291 1767 nime
314 1704 374 1768 srnt
396 1705 510 1792 ignota
533 1717 566 1768 et
588 1703 729 1768 obscura.
774 1705 909 1768 Monere
931 1705 1005 1779 satis
1031 1703 1085 1782 est,
1105 1701 1234 1766 mentiri

201 1787 388 1876 hyperbolen,
404 1811 464 1853 nec
479 1788 535 1870 ita,
551 1801 589 1861 ut
602 1787 769 1854 mendacio
784 1788 893 1852 fallere
908 1788 995 1854 velit.
1039 1789 1116 1853 Quo
1131 1787 1235 1874 magis

201 1873 394 1938 intuendum
415 1873 476 1960 qest,
502 1875 665 1962 quousque
692 1873 804 1939 deceat
829 1874 993 1953 extollere,
1022 1872 1110 1960 quod
1140 1875 1234 1938 nobis

202 1981 268 2024 non
284 1959 433 2023 creditur.
479 1959 625 2024 Pervenit
647 1960 717 2024 haec
738 1981 787 2023 res
802 1959 1048 2045 frequentiffirne
1063 1957 1103 2022 ad
1117 1957 1231 2024 risum:

202 2044 261 2130 qui
276 2044 295 2106 fi
310 2057 402 2132 optus
417 2044 470 2123 ell,
485 2045 679 2123 urbanitatis,
696 2044 739 2107 fin
754 2045 856 2124 aliter,
865 2044 1008 2130 stultitiae
1022 2065 1138 2108 nomen
1156 2043 1233 2106 affe-

151 2137 193 2218 75
204 2129 326 2214 quitur.
360 2131 421 2206 ‚Est
436 2142 544 2194 autem
564 2129 598 2192 in
619 2129 688 2209 usu,
703 2129 803 2216 vulgo
823 2151 953 2216 quoque
967 2143 1001 2193 et
1022 2129 1106 2192 inter
1126 2128 1234 2192 erudi-

202 2226 255 2278 tos
266 2225 290 2294 ⁶,
305 2225 339 2278 et
353 2214 438 2300 apud
455 2215 596 2293 rusticos,
612 2214 761 2280 videlicet
774 2214 862 2300 quod
876 2221 913 2276 af
932 2229 1044 2280 natura
1063 2214 1106 2278 est
1128 2212 1234 2278 omni-

201 2300 265 2364 bus
279 2300 411 2386 augendi
424 2323 470 2362 res
484 2300 536 2364 vel
551 2301 701 2388 miqaerzdr'
714 2298 870 2384 cupiditas
883 2300 984 2380 insita,
995 2321 1054 2363 nec
1068 2297 1236 2384 quisquam

203 2406 279 2449 vero
293 2396 464 2449 contentus
479 2386 533 2450 est.
579 2385 642 2449 Sed
657 2384 840 2472 ignoscitur,
857 2385 1008 2471 quianon
1030 2385 1234 2449 affirmamus.

150 2474 194 2556 76
203 2471 291 2534 Tum
307 2471 350 2534 est
363 2469 516 2556 hyperbole
532 2469 642 2548 virtue,
658 2493 732 2534 cum
748 2492 797 2534 res
811 2470 887 2556 ipsa,
904 2471 1022 2556 deque
1038 2469 1235 2555 loquendum

203 2555 259 2632 est,
275 2555 452 2620 naturalem
468 2555 600 2619 modum
616 2555 752 2620 exceffit.
787 2553 983 2618 Conceditur
997 2555 1083 2618 eninr
1099 2553 1236 2638 amplius

201 2640 322 2719 dicere,
351 2639 428 2726 quia
455 2639 532 2720 dici,
554 2652 711 2725 quantum
738 2639 792 2717 est,
817 2661 883 2702 non
905 2641 1025 2724 potest:
1060 2638 1235 2723 meliusque

201 2725 299 2804 ultre,
323 2747 421 2812 quam
444 2726 534 2802 citra,
551 2726 608 2788 stat
633 2724 746 2787 oratio.
790 2724 855 2788 Sed
879 2724 919 2788 de
942 2725 1032 2788 hocg
1058 2723 1143 2802 satis,
1160 2725 1236 2810 quia

200 2811 353 2874 eumdem
369 2809 478 2874 locum
494 2809 619 2896 plenius
640 2809 673 2872 in
696 2831 735 2872 eo
759 2807 854 2888 libro,
869 2831 934 2894 quo
956 2810 1068 2894 cauffbs
1090 2822 1236 2898 correpta

199 2895 379 2984 eloquentia
391 2893 613 2975 reddebamus,
629 2895 848 2977 tractavimus„
1228 2897 1233 2904 '

233 3078 341 3130 δνεὸὶο
352 3081 383 3130 G.
401 3081 537 3130 VeroJens.
603 3080 739 3143 ‘quodid¹
817 3079 1083 3130 “huto-servaturo.
1154 3082 1235 3130 ‘ine-

198 3147 294 3196 ruditus
303 3146 369 3194 Jens.
434 3143 445 3176 f
459 3165 501 3194 om.
514 3147 545 3195 G.
557 3145 620 3193 lens.
687 3153 698 3183 Β
716 3145 828 3193 hislens.

237 3311 282 3372 76.
301 3305 397 3376 cauffers
412 3313 532 3374 corrupta
544 3306 691 3376 eloquentia]
744 3307 818 3360 exslat
840 3305 930 3360 hodie:
961 3317 991 3360 ut
1013 3307 1149 3381 generatim
1170 3306 1236 3362 nihil

200 3379 274 3436 Nihil
286 3379 340 3447 ejus
351 3377 486 3448 reperimus
498 3377 641 3448 indialogo,
651 3379 695 3457 qui
744 3377 894 3431 technicum.
