2942 4928
409 399 462 460 IN
468 397 582 459 STIT.
603 397 806 498 QRATOR.
827 397 912 461 LIB.
927 401 983 462 IX.
1006 419 1034 463 2.
1201 405 1236 464 81

464 515 473 534 ,Ι
506 513 508 518 .
539 497 573 528 ,ι
641 499 643 506 1
1177 487 1179 498 ’

199 562 307 630 iteret:
337 574 372 626 ut
393 576 602 654 argumentum
624 565 740 629 ratione
761 563 938 629 concludat:
969 579 1005 629 ut
1028 565 1240 656 interrogando

198 642 328 740 urgent:
350 659 386 712 ut
409 651 512 746 rursus
533 650 618 740 quast
630 649 870 738 adinterrogata
904 651 945 715 ibi
964 651 1024 740 ipse
1045 651 1238 800 reppondeat:

137 755 181 822 43
196 747 360 813 utcontra,
377 735 518 814 acdrcat,
534 735 671 824 accipiet
683 736 795 824 sentiri
808 735 903 799 velit:
925 749 960 800 ut
980 737 1063 800 addo
1085 751 1147 819 etet,
1165 741 1241 826 quid

192 821 305 910 potius,
323 831 378 886 aut
392 845 448 910 quo
463 822 544 886 modo
559 821 666 885 dicat:
688 834 723 885 ut
736 819 860 885 diuidat
874 821 906 886 in
923 835 1048 910 partes:
1071 837 1105 886 ut
1119 824 1241 923 aliquid

172 907 359 996 relinquat,
376 931 412 969 ac
425 917 436 948 ⁶
451 899 615 994 negligat:
637 919 672 990 Ιιιι
686 919 755 971 ante
772 907 979 996 praemuniat:
1001 919 1036 972 ut
1060 909 1091 982 in
1114 935 1144 974 eo
1165 913 1235 1000 ipso,

195 992 306 1080 inquo
327 992 593 1082 reprehendunt,
611 991 729 1082 culpam
751 993 783 1056 in
805 993 1011 1078 adversarium
1026 993 1180 1081 conserat:
1202 1007 1238 1060 ut

184 1079 273 1166 saepc
295 1103 360 1146 cum
381 1078 429 1156 iis,
464 1078 496 1142 ui
508 1077 680 1159 'audiunt⁰,
696 1103 917 1165 nonnumquam
937 1079 1025 1142 etiam
1041 1106 1105 1143 eum
1126 1083 1238 1146 adver.

185 1165 273 1250 sario
287 1163 371 1255 quasi
382 1101 541 1236 delileretc
563 1175 599 1227 ut
612 1163 759 1228 hominum
775 1189 867 1227 mores
880 1163 890 1202 f
900 1165 1106 1252 sermonesque
1127 1168 1163 1230 de
1177 1167 1235 1231 iri·

135 1270 184 1334 44
197 1247 269 1314 bat:
292 1263 326 1314 ut
348 1261 432 1314 mnta
455 1249 766 1338 quadam'loqucntia
788 1250 937 1312 inducat:
958 1263 993 1314 ut
1015 1250 1053 1312 ab
1078 1277 1118 1330 eo,
1133 1256 1237 1340 quodss

195 1335 312 1424 agitur,
329 1347 450 1399 avertat
465 1334 576 1401 animos
589 1362 599 1400 e
621 1348 657 1400 ut
667 1336 800 1424 scepeia
821 1334 1004 1399 hilaritatem
1018 1336 1045 1399 ri
1059 1361 1147 1400 umve
1165 1363 1234 1404 con·

195 1432 317 1486 vertat:
339 1417 457 1490 ut'ante
472 1431 596 1508 occupet,
613 1423 694 1510 quod
705 1419 832 1485 oideoth
847 1435 880 1508 op
903 1420 970 1485 oni:
993 1434 1028 1484 ut
1042 1435 1186 1510 comparet
1189 1425 1236 1508 st-

194 1505 400 1582 milladium,
422 1519 456 1570 ut
465 1511 472 1551 ι’
485 1507 609 1572 utatur¹
625 1505 786 1594 exemplis:
808 1518 843 1571 ut
856 1437 944 1571 alind
957 1507 1013 1572 alii
1029 1508 1157 1572 tribuens
1172 1511 1234 1596 dis-

133 1605 140 1614 “
188 1592 327 1678 pertiat:
357 1592 661 1692 utinterpellatorem
686 1604 832 1657 coerceat:
864 1605 899 1656 ut
922 1589 1044 1680 aliquid
1067 1593 1186 1658 reticere
1196 1597 1235 1682 se

169 1683 171 1690 ’
194 1677 300 1742 dicat:
322 1690 358 1742 ut
371 1679 534 1760 denuntiet,
550 1679 627 1766 quid
638 1689 745 1742 caveat
755 1689 799 1741 ¹²¹:
821 1685 857 1741 ut
871 1678 991 1742 liberius
1027 1677 1083 1742 uid
1101 1681 1235 1744 audeat:

192 1776 229 1828 ut
243 1765 391 1861 irascatur
405 1764 494 1830 etiam
506 1791 520 1848 ,ξ
538 1777 573 1836 ut
587 1765 722 1852 objurget
735 1763 919 1852 aliquando:
941 1775 977 1827 ut
991 1704 1178 1853 cleprccetur:
1200 1780 1235 1835 ul

182 1849 359 1938 supplicet:
387 1863 422 1916 ut
442 1851 618 1924 medeatur.-
644 1863 720 1914 uta
740 1849 883 1940 propofito
907 1847 1032 1914 declinet
1054 1849 1233 1949 aliquantu-

194 1935 279 2000 lum.-
301 1950 336 2000 ut
351 1947 451 2024 optet:
473 1949 508 2000 ut
522 1949 690 2003 execretur:
712 1949 747 2000 ut
750 1937 819 2025 flat
832 1936 881 2016 iis,
896 1939 979 2022 opud
992 1959 1063 2023 quos
1077 1938 1233 2024 decet,sa·

129 2043 179 2110 45
194 2019 333 2089 miliaris.
377 2021 479 2110 Atque
499 2021 579 2087 alias
600 2023 689 2086 etiam
708 2020 826 2086 dicendi
844 2022 951 2120 quqfin
975 2023 1101 2087 virtutes
1115 2024 1233 2110 sequa-

194 2119 268 2172 tur:
292 2107 480 2190 brevitatem,
491 2106 585 2194 sires
597 2119 698 2196 petet:
711 2109 798 2196 sape
811 2119 900 2172 ettam
914 2130 976 2172 rem
995 2107 1116 2170 dicendo
1126 2110 1232 2206 subji-

193 2194 249 2262 ciet
263 2193 364 2273 oculis,
378 2195 466 2294 saepe
479 2197 579 2282 supra
594 2193 716 2280 feret⁰,
730 2219 820 2282 quam
831 2192 909 2278 fieri
926 2191 1034 2280 peffit:
1047 2191 1233 2290 ſsgnficatio

181 2281 281 2366 scepe.
295 2281 352 2344 erit
373 2301 478 2373 major,
495 2304 586 2378 quam
609 2280 724 2344 oratio.-
743 2281 831 2368 saepe
855 2278 995 2346 hilaritas
1007 2290 1034 2357 P,
1051 2283 1101 2364 sae
1121 2304 1136 2342 e
1159 2280 1239 2370 uita¹
1291 2335 1293 2346 ,

192 2378 430 2464 naturarumque
451 2365 612 2433 imitatioq.
659 2365 725 2430 Hoc
745 2367 899 2451 ingemere
916 2367 1000 2450 (nam
1021 2363 1233 2452 quucstlvom
1341 2393 1344 2396 ·

191 2453 291 2535 vides)
307 2476 400 2519 omncs
414 2449 528 2530 eluceat
541 2461 649 2540 oportet
663 2449 839 2538 eloquentia
852 2449 1038 2550 magnitudo.

133 2551 137 2605 ζ
236 2539 281 2606 ΙΙ.
301 2539 391 2624 Ergo
406 2537 459 2602 cui
474 2535 571 2605 latius
586 2537 758 2624 comple&
772 2535 1044 2602 conformationes
1060 2531 1233 2603 verborum
1257 2609 1266 2616 ,

191 2644 230 2686 ac
245 2623 473 2688 sententiarum
495 2622 662 2710 placuerit,
678 2622 788 2700 habet,
803 2620 893 2708 quod
912 2620 943 2684 se
968 2633 1063 2696 natur
1076 2644 1094 2700 ει
1107 2641 1167 2684 uec
1182 2620 1231 2685 af.
1254 2699 1268 2710 ῃ

190 2707 317 2775 firmare
331 2709 441 2789 ausim,
455 2709 630 2795 quidquam
646 2707 707 2772 esse
720 2706 836 2770 melius
849 2731 859 2787 3
882 2705 935 2770 sed
982 2727 1028 2770 aec
1050 2704 1231 2792 ad‘propo.

158 2821 164 2828 ·
190 2793 240 2856 fiti
253 2793 318 2860 mei
332 2795 492 2860 rationem
506 2794 607 2881 legat.
650 2793 738 2858 Nam
759 2791 842 2856 mihi
864 2791 904 2856 de
926 2790 978 2856 his
1002 2789 1232 2859 sententiatum

151 2881 154 2885 ’
190 2877 304 2976 figuris
320 2880 426 2944 dicere
441 2879 475 2944 in
490 2879 599 2948 animo
611 2879 666 2958 est,
684 2901 756 2966 quae
771 2879 812 2942 ab
827 2877 884 2942 illo
902 2875 1036 2963 fimplici
1058 2875 1156 2942 modo
1177 2877 1230 2942 iu·

189 2963 318 3030 d1candi
332 2965 511 3032 recedunt:
535 2965 623 3053 quod
643 2963 728 3032 idem
743 2963 855 3028 multis
876 2961 1060 3052 dociifficnis
1084 2961 1157 3026 viris
1178 2962 1230 3030 vi-

156 3075 176 3126 2
190 3050 253 3114 deo
266 3051 427 3154 placuille.
470 3051 591 3116 Omnia
605 3064 713 3115 tamen
727 3048 796 3130 illa,
811 3049 909 3114 etiam
924 3070 997 3135 quae
1011 3047 1084 3110 sunt
1098 3048 1231 3116 alterius

189 3136 280 3200 mod1
305 3136 440 3215 lumina,
463 3137 545 3202 odeo
570 3137 643 3200 sunt
665 3135 802 3200 virtutes
828 3133 993 3215 orationis,
1019 3143 1057 3204 ut
1084 3134 1148 3200 fine
1177 3133 1230 3204 his

188 3221 278 3288 uuila
292 3222 430 3308 intelligi
445 3244 519 3286 vere
539 3223 632 3308 poffit
652 3220 766 3290 oratio.
809 3221 897 3290 Nam
921 3239 987 3306 quo
1007 3217 1105 3282 modo
1124 3218 1230 3308 judex

188 3305 298 3372 doceri
366 3309 478 3394 test,1s1
503 3307 583 3372 defit
608 3307 734 3372 illustris
756 3305 940 3394 explanatio,
965 3303 1131 3392 propofitio,
1154 3319 1229 3392 pro·

187 3391 292 3478 mifflo,
295 3329 418 3480 piritio,
420 3394 593 3482 sejunctio‘,
606 3392 738 3490 eupefitio
742 3393 904 3480 sententia
907 3392 990 3478 sure,
1002 3390 1143 3455 rationis⁵
1154 3404 1229 3540 apta

188 3479 340 3565 conclusio,
358 3479 561 3567 praemunitio,
572 3479 750 3564 stmclitudq,
773 3477 948 3568 exemplum,
969 3473 1102 3562 digestio,
1124 3474 1173 3562 dis
1198 3476 1227 3540 i.

188 3561 281 3644 butio,
296 3564 508 3652 interpellatio,
522 3563 740 3654 interpellantis
755 3562 884 3636 coercitio
896 3573 918 3642 ²,
934 3561 1086 3639 contentio,
1105 3557 1228 3647 purga·

152 3648 240 3744 3tio‚
265 3650 375 3733 laſso?
406 3649 497 3718 Quid
521 3673 596 3716 vero
617 3649 687 3737 agit
712 3649 845 3715 omnino
869 3644 1055 3733 eloquentia
1077 3644 1228 3733 detcallis

186 3756 238 3798 am
262 3733 404 3818 lifioaodi
430 3735 663 3822 minuendique
678 3747 691 3774 ⁸
727 3735 925 3800 rationibus?
965 3733 1112 3798 Quarum
1142 3729 1229 3818 prior

185 3818 228 3887 de
249 3819 341 3892 deret
357 3821 454 3892 ‘illam
476 3821 545 3910 plus
570 3845 661 3910 quam
686 3821 798 3890 diceris
814 3817 1077 3907 fignificationem
1106 3813 1143 3882 id
1170 3819 1226 3902 est,

218 4037 329 4087 ‘utr'tot¹
396 4038 705 4102 ‘reprehendantuctenl
770 4043 783 4069 ⁸
800 4039 899 4088 audient
910 4037 942 4084 id.
1015 4034 1162 4090 ‘sermones
1173 4053 1229 4088 mo-

184 4101 267 4163 resque
279 4103 351 4156 Grut-
371 4127 385 4142 ι
432 4112 444 4142 ⁸
462 4106 586 4166 quotent.
663 4107 675 4135 ¹¹
695 4113 762 4168 putet
774 4105 805 4150 G.
818 4113 887 4166 putat
897 4103 962 4152 lens.
1038 4099 1045 4133 ¹
1063 4121 1105 4150 om.
1118 4105 1148 4152 G.
1160 4105 1226 4151 tens.

183 4165 384 4224 lutantutleul.
460 4175 479 4200 ¹¹²
499 4180 601 4218 caveant
613 4169 684 4220 Grec.
751 4170 868 4230 ”omia
941 4177 955 4214 9
973 4167 1088 4216 flectens.
1160 4169 1229 4216 rui-

181 4231 327 4288 liuitetioid.
412 4235 546 4284 emulatio
558 4235 590 4282 G.
688 4233 821 4294 'ejuullto
834 4235 864 4283 G.
964 4233 1106 4284 'emtionis
1118 4232 1149 4286 G·
1160 4232 1230 4291 lens,

184 4300 193 4333 ⁸
212 4299 304 4349 coiruo
316 4297 357 4344 tid.
425 4305 437 4330 ¹¹
457 4301 584 4354 muniendi
595 4297 665 4367 lent.X

227 4395 388 4449 von-11.
412 4371 417 4377 ’
572 4446 574 4454 s
689 4397 724 4446 a.
