3024 4926
229 381 296 458 ito·
455 395 503 458 M.
523 394 648 456 rarii
666 392 1021 456 oiriiucrttrniii

224 561 280 630 nio
300 559 435 640 validus,
449 559 590 646 materiae
612 567 740 648 quoqu'e
761 557 939 640 ostendunt,
956 560 1095 626 maxima
1114 561 1203 629 bella
1222 553 1258 630 es
1295 625 1298 633 .

223 646 405 714 elariffimos
420 648 607 712 canentem¹
629 647 789 726 duces,et
810 645 892 732 epici
915 646 1062 710 carminis
1077 649 1199 714 oneral
1238 639 1258 714 a

222 731 437 798 sustinentem.
483 733 603 797 Reddit
624 733 710 798 enim
732 729 871 818 personis
893 732 927 796 in
949 731 1076 820 agendo
1095 733 1183 800 simul
1218 757 1256 799 o·

222 817 414 904 quendoque
436 818 580 884 debitam
602 817 815 904 dignitatem:
839 817 925 898 ac,si
948 815 1094 882 tenuisset
1109 819 1256 900 modum,

223 901 351 974 videtur
365 903 505 966 aemulari
543 903 683 967 roximiis
700 905 881 969 Homerum
896 901 1047 989 potuisse:
1070 902 1123 968 sed
1136 905 1257 970 redun-

224 987 291 1066 dat,
311 1001 408 1076 atque
431 926 624 1054 effunditur:
650 989 738 1076 quod
760 999 798 1052 ut
819 990 863 1052 est
885 985 1195 1074 reprehendendum,
1213 989 1258 1054 sta

224 1073 328 1160 copiae
349 1070 464 1138 vitium
487 1075 540 1138 est.
584 1075 709 1158 Alcaeus
731 1073 765 1136 in
786 1086 874 1158 parte
895 1074 1000 1160 operis
1020 1096 1117 1139 aureo
1137 1071 1306 1162 pledr063
1353 1110 1357 1118 ·

222 1159 339 1224 merito
354 1159 501 1239 donatur,
518 1182 582 1246 qua
596 1171 747 1246 tyrannos
762 1157 979 1222 insertarum:
1002 1159 1142 1224 multum
1163 1161 1259 1226 etiam

221 1244 369 1310 moribus
386 1241 530 1308 confert:
554 1245 588 1308 in
610 1243 790 1329 eloquendo
812 1265 940 1329 quoque
960 1243 1067 1308 brevis
1081 1258 1115 1310 et
1129 1247 1258 1334 magni-

225 1329 315 1408 ficus,
332 1343 364 1394 et
379 1329 528 1414 diligens,
566 1330 758 1414 lerumque⁰
781 1329 928 1392 Homero
949 1327 1069 1408 similis,
1085 1329 1186 1394 sedin
1207 1331 1259 1395 lu·
1299 1365 1303 1374 ·

222 1413 277 1480 sus
292 1428 326 1480 et
346 1435 468 1478 amores
489 1351 665 1500 desdendit,¹
678 1411 852 1499 majoribus
874 1425 980 1477 tamen
1003 1414 1116 1500 aptior.
1162 1415 1257 1480 Simo·
1268 1413 1311 1492 64

224 1501 308 1564 nider
324 1499 442 1578 tenuis,
457 1498 577 1585 alioqui
591 1497 734 1562 sermone
756 1497 883 1584 proprio
902 1510 936 1562 et
952 1497 1156 1585 jucunditate
1178 1523 1259 1588 qua·

199 1611 201 1616 ·
224 1583 300 1650 dam
316 1582 532 1650 commendari
549 1584 669 1670 potest:
694 1583 877 1670 praecipua⁰
898 1595 1005 1648 tamen
1027 1583 1095 1672 ejus
1116 1585 1150 1648 in
1166 1606 1258 1650 com,

225 1669 384 1734 movenda
398 1668 596 1734 miseratione
613 1667 723 1748 virtuS,
738 1680 776 1734 ut
798 1668 929 1756 quidam
943 1667 977 1732 in
998 1669 1060 1734 hac
1082 1691 1156 1734 eum
1171 1682 1259 1757 parte

225 1755 375 1820 omnibus
390 1755 527 1842 ejusdem
544 1754 647 1841 operis
667 1751 851 1836 audiorlbus
866 1753 1046 1840 praeferant.
1090 1753 1308 1842 Antiquat65

225 1839 386 1904 comoedia
409 1863 485 1904 cum
515 1841 663 1904 sinceram
693 1839 781 1903 illam
811 1837 963 1904 sermonis
991 1838 1095 1904 Attici
1123 1841 1260 1930 gratiam

225 1947 322 2026 prope
345 1924 408 1990 sola
430 1927 556 2003 retinet,
577 1938 649 1989 tum
673 1923 925 1989 facundisfimaei
951 1925 1118 2006 libertatis,
1139 1927 1192 1990 etsi
1218 1927 1262 1992 est

225 2024 284 2076 rn¹
308 2011 496 2076 inseslaiidis
519 2009 604 2075 vitiis
624 2010 718 2097 praeci
742 2033 794 2091 iia,
816 2009 990 2098 plurimum
1013 2024 1121 2076 tamen
1144 2011 1261 2077 virium

215 2096 321 2184 etiam
339 2095 371 2161 in
387 2096 500 2162 ceteris
515 2096 660 2184 partibus
676 2032 785 2160 halet.
830 2097 917 2160 Nam
934 2109 968 2160 et
982 2097 1123 2184 grandis,
1140 2101 1173 2162 et'
1194 2097 1260 2162 ele·

224 2205 318 2269 gans,
334 2194 368 2248 et
383 2184 522 2260 venusta,
537 2193 570 2245 et
585 2181 691 2245 nescio
706 2203 747 2245 an
761 2181 840 2257 ulla,
855 2181 922 2268 post
943 2183 1124 2246 Homerum
1139 2195 1260 2261 tamen,

226 2290 337 2354 quern,
353 2281 391 2332 ut
405 2267 579 2346 Achillem,
595 2267 718 2354 semper
739 2266 843 2354 excipi
865 2288 920 2354 par
941 2266 995 2346 est,
1012 2279 1067 2332 aut
1083 2267 1211 2332 similior
1226 2269 1262 2332 fit

224 2352 417 2434 oratoribus,
431 2365 487 2418 aut
500 2351 541 2416 ad
559 2363 700 2416 oratores
714 2349 875 2416 faciendos
889 2373 908 2415 a
930 2351 1003 2415 tior.
1047 2351 1157 2416 Plures
1171 2353 1260 2440 ejus⁸

227 2437 398 2502 aridiores:
435 2437 645 2525 Aristophanes
674 2448 781 2502 tamen
797 2445 819 2516 ²,
843 2449 877 2500 et
932 2436 1037 2524 ripolis,
1064 2437 1214 2526 Cratinus
1234 2463 1261 2502 ie
1299 2463 1303 2470 ·

225 2523 392 2610 praecipui.
429 2523 619 2610 Tragoedias
633 2520 755 2610 primus
770 2523 803 2586 in
817 2521 924 2587 lucem
938 2521 1099 2610 AEschylus
1113 2463 1258 2610 protulit,
1270 2530 1312 2597 66

226 2607 371 2680 sublimis
392 2621 425 2672 et
438 2609 555 2694 gravis,
570 2612 604 2672 et
618 2606 849 2698 grandiloquus
867 2606 949 2694 saepe
962 2607 1062 2696 usque
1076 2609 1119 2674 ad
1132 2609 1261 2690 vitium,

226 2693 280 2758 sed
295 2691 383 2758 rudis
398 2693 431 2756 in
448 2693 602 2780 plerisque
617 2705 650 2757 et
663 2693 910 2780 incompositus:
934 2708 1062 2782 propter
1081 2693 1169 2782 qued
1188 2717 1262 2760 cor·
1285 2701 1292 2718 ‘

226 2779 328 2846 restas
344 2779 413 2866 ejus
426 2777 550 2844 fabulas
563 2779 598 2844 in
612 2791 772 2844 certamen
787 2777 908 2844 deferre
922 2779 1147 2866 posterioribus
1158 2781 1263 2869 poetis

260 2979 268 3014 ¹
286 2983 549 3034 canente-sustinente
560 2981 591 3030 G.
603 2981 666 3032 lens.
683 2981 723 3030 i'nr.
736 2981 795 3046 lyra.
868 2988 887 3014 ¹¹²
906 2982 1033 3033 infestatus
1043 2983 1084 3030 i'i’d.
1159 2989 1171 3015 ¹²
1189 2983 1263 3046 pluri·

228 3061 300 3096 muni
312 3049 343 3096 G.
424 3049 574 3109 ⁰praecipue
584 3049 647 3095 lens.
734 3045 908 3114 riliaiiiſsi'id.
1004 3048 1142 3098 rroeeund.
1154 3049 1186 3096 G.
1196 3049 1260 3098 Jens.

228 3122 297 3161 roni.
310 3113 349 3159 iid.
416 3111 585 3161 'enimJens
650 3116 760 3162 ‘autem
771 3114 803 3162 G.

266 3278 310 3326 62.
338 3273 411 3342 copiae
432 3261 539 3338 vitium]
569 3273 630 3326 Vid.
655 3273 720 3328 infra
805 3279 820 3327 6
825 3275 850 3341 ς’.
879 3273 1047 3346 Ar'ssophanes
1069 3272 1142 3339 dre]
1171 3276 1220 3342 Jun
1241 3275 1263 3329 it
1351 3299 1353 3306 ,

232 3363 276 3408 ra,
296 3362 399 3410 io,13.
417 3345 448 3398 it.
466 3342 533 3396 Ptin.
553 3343 720 3414 epist-mc,
769 3346 864 3398 eosdem
876 3345 997 3396 Horatius
1010 3347 1063 3396 Sat.
1080 3361 1143 3408 1‚4‚
1156 3362 1194 3416 pr.
1233 3362 1263 3396 u·
1324 3359 1326 3362 ·

51 3469 55 3478 ,
151 3451 154 3456 ,
231 3433 275 3468 ιι.
764 3413 837 3484 polis,
848 3423 922 3484 atque
939 3413 1066 3477 Cratinus,
1083 3411 1263 3488 Aristophanes-

275 3487 320 3550 63.
352 3500 402 3554 qua
430 3493 546 3554 mannos
571 3481 598 3534 in
608 3483 719 3550 adlatur]
769 3500 824 3555 que,
836 3483 918 3536 Poetae
926 3485 977 3537 dcc.

229 3554 350 3612 Praelare
371 3553 411 3606 liic
439 3553 551 3606 observat
607 3551 721 3604 lmelove-
805 3557 850 3606 66.
868 3556 991 3607 carrelias
1006 3554 1059 3622 ejus
1071 3551 1189 3621 fabulas]
1211 3556 1263 3608 Ne·

188 3636 190 3639 ’
230 3627 299 3688 nius,
317 3625 366 3678 huc
386 3623 501 3691 respicere
522 3621 598 3674 Alcaei
615 3621 723 3675 minaces
770 3623 821 3676 scio
838 3623 904 3677 unde
925 3624 971 3678 hoc
989 3623 1083 3679 lrabeat
1101 3623 1187 3686 noster,
1210 3641 1263 3676 cor,-

230 3697 355 3748 Camrnas
372 3693 439 3762 apud
458 3693 593 3744 Horatium
610 3708 638 3754 4,
656 3711 682 3760 9,
696 3710 723 3756 7,
770 3697 851 3748 retias
866 3694 910 3748 esse
926 3694 979 3760 ejus
996 3691 1104 3746 fabulas.
1132 3692 1201 3746 Illud
1217 3711 1263 3748 nos

230 3765 277 3816 nbi
289 3775 339 3816 vet.
357 3761 439 3814 Schol.
458 3762 534 3822 Adeo,
546 3762 723 3830 inquinante·
771 3761 861 3816 docent
871 3774 927 3816 tum
944 3774 1016 3816 retus
1033 3763 1119 3816 audior
1130 3764 1189 3816 ritae
1200 3763 1264 3816 AEs-

231 3851 277 3886 rus
275 3833 351 3953 ltm'
364 3841 391 3951 a}
402 3831 544 3952 Zrfleritaette
555 3829 671 3882 carminis
680 3829 725 3901 stri
772 3831 852 3956 Ἅιγῐῐἱ
878 3843 935 3954 t⁶uin
965 3833 1183 3956 Philostratusolin
1211 3835 1264 3888 vita

232 3919 273 3954 mn·
296 3919 405 3957 osenia
440 3917 549 3959 eiicer.
855 3939 862 3954 .
929 3922 956 3955 ii
1010 3921 1051 3956 ‚a
1158 3921 1208 3956 ear.
1239 3917 1264 3958 et

268 3975 314 4037 ες.
333 3979 361 4022 ut
379 3957 508 4035 acirim]
557 3984 613 4022 iem
631 3969 725 4039 excipit
774 3970 804 4024 sc
822 3970 858 4024 oi.
875 3937 908 4024 aii
927 3918 1103 4042 Alilais:
1121 3973 1189 4030 iim.
1203 3979 1264 4042 892,

230 4044 360 4097 Homerus
376 4057 404 4092 r.
421 4057 449 4110 g.
471 4040 497 4092 in
515 4039 556 4092 lau
606 4039 679 4094 Nirei
699 4041 726 4091 iii
774 4041 885 4111 itemque
904 4042 936 4092 ad
955 4042 1070 4104 Achaim.
1094 4059 1136 4103 io,
1155 4042 1265 4111 (nudati

234 4112 337 4166 Boeotia
354 4113 415 4162 180.
775 4111 849 4166 etiam
863 4108 1060 4164 Bibliothecario
1076 4111 1170 4164 Graeco
1181 4132 1208 4175 2,
1223 4117 1265 4176 16,

266 4193 660 4260 ardescitiimmiatmrim
668 4193 724 4246 tasi
773 4195 802 4242 4·
819 4180 1098 4264 sedanobiedesignatj
1110 4185 1264 4250 accuratius)

265 4270 312 4312 τῶν
321 4263 392 4309 ἄλλων
403 4266 497 4322 nansi,
506 4261 560 4323 ,uir
568 4261 672 4325 ἐμύμηη
684 4272 726 4315 nn-
772 4249 873 4304 decreto
881 4250 1072 4304 Atheniensium
1084 4268 1110 4304 iii
1121 4251 1217 4304 scenam
1228 4270 1266 4304 re-

300 4326 383 4375 ia'sia.
772 4319 861 4376 dudae
872 4319 984 4377 defundi
994 4321 1070 4376 etiam
1082 4321 1201 4394 AEschyli
1214 4333 1268 4376 tra·
