3020 4918
385 451 388 459 ι
469 413 635 480 tnsrrr.
658 416 858 479 curros.
879 417 962 477 cru.
983 405 1086 494 xre.
1233 397 1296 500 iij*

257 578 428 659 imitatione,
445 608 502 646 non
522 583 605 669 poffis
616 598 654 654 ³„
683 582 759 648 Alio
773 605 857 663 veru,
873 608 931 648 non
941 583 1003 668 seb
1018 583 1054 646 id
1065 581 1162 668 egispr,
1175 594 1209 648 ut
1221 583 1289 654 itu‘

151 695 152 698 ¹
252 667 374 746 diceret,
388 693 445 754 quo
466 671 546 734 modo
559 672 599 755 se
620 669 744 756 quilibet
764 671 841 756 pqffie
861 669 1027 753 cumidem,
1042 669 1104 766 sod
1144 692 1185 732 uo·
1203 670 1288 732 modu

201 754 349 836 93nimo.
394 754 494 826 Quod
515 755 614 840 potest
636 777 776 840 pugnare
799 755 885 818 inter
903 755 932 816 se
956 752 1067 821 viden.
1143 773 1231 818 emm
1246 776 1286 817 u·

256 850 419 926 numque,
446 861 482 903 ac
505 840 631 918 merito,
653 837 811 904 laudatur.
856 837 966 904 Caussa
986 838 1075 904 enim
1102 837 1199 902 modo
1223 840 1287 902 uei

256 921 347 989 distat
359 937 370 962 ⁸
384 948 391 990 ε
417 925 494 1012 quia
508 925 688 1010 simplicitas
702 925 767 1004 ilia,
784 937 816 988 et
832 921 919 986 velut
932 922 1079 989 securitas
1098 863 1287 988 inaffedatae

254 1007 417 1087 orationis,
433 1009 511 1074 mire
525 1022 637 1080 tenues
655 1010 774 1088 caussas
794 1009 907 1073 dccet:
931 1006 1103 1094 majoribus
1123 1009 1206 1072 iilud
1229 1009 1285 1072 ad-

254 1091 400 1178 mirabile
414 1095 540 1158 dicendi
556 1117 659 1182 genus
675 1095 779 1181 magis
794 1094 955 1158 convenit.
1002 1096 1037 1156 In
1054 1105 1191 1178 utroque
1203 1095 1286 1158 emi·

221 1249 226 1256 ,
255 1191 310 1241 net
324 1181 334 1218 s
347 1179 476 1260 ¹Cicer0,
492 1203 531 1244 ex
546 1181 662 1266 quibus
676 1179 811 1244 alterum
828 1178 967 1265 imperiti
982 1177 1011 1242 se
1033 1178 1116 1265 posse
1136 1179 1287 1266 consequi

255 1263 406 1340 credent3
431 1279 593 1345 neutrum,
609 1265 665 1351 qui
681 1265 878 1351 intelligunt.
894 1293 895 1298 ¹

298 1351 344 1412 II.
367 1351 545 1418 Memoriam
559 1351 691 1436 quidam
706 1364 826 1414 nuturae
849 1349 947 1412 modo
962 1348 1021 1412 esse
1042 1371 1158 1414 munus
1181 1349 1285 1414 existi-
1335 1413 1337 1417 ,

254 1449 432 1512 moverunt,
447 1437 553 1522 estque
569 1437 601 1500 in
617 1459 654 1500 ea
668 1458 732 1500 non
752 1434 849 1512 dubie
866 1434 1061 1520 plurimum
1083 1435 1134 1498 sed
1151 1435 1215 1520 ipsa'
1227 1457 1285 1498 ex·

256 1517 402 1598 colende,
419 1521 495 1584 srcut
509 1522 571 1584 alia
586 1521 705 1599 omnia,
721 1533 878 1606 augetur:
903 1532 935 1584 et
951 1531 1051 1598 totus,
1066 1519 1106 1584 de
1121 1543 1186 1604 quo
1201 1519 1284 1583 dixi-

255 1625 328 1686 mps
342 1603 459 1684 adhuc,
475 1606 577 1670 inanis
593 1608 660 1670 estss
675 1606 774 1684 labor,
791 1605 845 1669 nisr
867 1618 982 1669 ceterae
1004 1605 1185 1690 partcsyhoo
1200 1605 1288 1670 velut

223 1695 228 1704 ⁴
254 1686 366 1773 spiritu
380 1690 622 1755 continenturh.
666 1694 753 1755 Nam
770 1701 803 1753 et
822 1691 926 1768 omnis
948 1690 1111 1776 disciplina
1133 1691 1289 1754 memoria

255 1775 384 1854 constat,
406 1775 578 1862 frustraque
601 1775 765 1854 docemur,
785 1775 818 1854 fi,
839 1775 996 1862 quidquid
1021 1775 1180 1852 audimus,
1205 1798 1286 1861 proe-
1331 1795 1333 1803 ’

255 1861 397 1924 terfluut:
421 1873 454 1924 et
469 1861 697 1947 exemplorum,
712 1861 822 1948 legum
834 1867 853 1938 ³3
871 1860 1096 1946 responsorum,
1113 1860 1287 1941 dictorum,

209 1999 211 2004 ,
254 1943 401 2032 beneque
423 1945 598 2010 sotiorum¹
622 1947 711 2010 velut
733 1945 888 2032 quasdam·
905 1947 1023 2031 copias,
1042 1945 1160 2030 quibus
1174 1947 1291 2010 sabun-

253 2027 338 2109 dare‚
359 2030 497 2117 quasque
522 2032 555 2096 in
581 2042 711 2118 promtu
732 2033 853 2116 semper
875 2031 992 2094 habere
1015 2031 1144 2093 debetm
1168 2045 1285 2110 orator,
1321 2088 1323 2092 ,

253 2115 363 2180 cadem
377 2128 390 2154 ¹¹
405 2115 459 2180 illa
474 2115 521 2182 vis
535 2115 734 2202 repraesentut
745 2121 770 2180 ⁰.
815 2117 933 2202 Neque
951 2115 1112 2178 immerito
1134 2117 1287 2201 ihdimus

219 2197 307 2264 ohic
329 2198 500 2289 eloquentie
522 2201 649 2266 dicitur.
696 2199 759 2265 Sed
775 2223 839 2264 nou
857 2201 945 2264 firme
961 2212 1085 2266 tantum
1111 2201 1286 2281 continere,

167 2339 170 2344 .
253 2306 363 2350 verum
388 2287 485 2351 etiam
512 2283 576 2352 cito
600 2285 760 2373 percipere
786 2285 887 2350 multa
913 2285 1039 2350 asturus
1065 2298 1202 2370 oportet,
1225 2309 1287 2356 nec

252 2393 325 2456 quie
341 2371 493 2458 scripseris
508 2373 605 2436 modo
619 2372 731 2436 iterata
746 2371 882 2435 lestione
902 2370 1084 2456 complecti,
1100 2366 1205 2434 sedin
1230 2394 1286 2436 co-

218 2482 221 2488 ·
252 2455 363 2542 gitatis
379 2479 507 2544 quoque
529 2480 633 2522 rerum
656 2479 692 2520 ac
707 2457 875 2521 verborum
899 2469 1084 2520 contextum
1106 2455 1216 2540 sequi:
1233 2470 1287 2534 ut,

194 2557 197 2562 ·
254 2563 328 2626 quae
346 2541 425 2607 sintt
450 2545 490 2609 ab
511 2541 638 2608 adversa
659 2554 746 2628 parte
766 2541 861 2620 dista,
876 2539 1071 2606 meminisse:
1095 2563 1155 2604 nec
1176 2543 1288 2627 utique

253 2639 317 2690 eoq
339 2640 424 2712 quor
448 2628 533 2693 dista
547 2629 630 2706 sunt,
646 2626 757 2691 ordine
771 2624 918 2704 refutare,
934 2625 986 2690 sed
1000 2625 1189 2710 opportunis
1200 2627 1287 2692 iocis

220 2727 397 2795 3p0nere„
426 2712 517 2778 Quid
530 2715 540 2775 ἒ
565 2711 786 2796 extemporalis
802 2711 904 2775 oratio
919 2733 983 2774 non
997 2721 1004 2746 ⁵
1020 2709 1083 2774 alio
1099 2711 1179 2777 mihi
1196 2712 1286 2780 vidc-

251 2810 306 2870 tur
321 2791 440 2862 mentis
454 2798 564 2884 vigore
579 2797 741 2862 constare„
772 2795 859 2860 Nam
875 2796 954 2860 dum
968 2793 1030 2858 alio
1048 2789 1197 2874 dicimus,
1213 2821 1287 2883 quac
1316 2873 1319 2880 1

253 2879 370 2946 dicturi
393 2879 513 2963 sumus,
527 2881 680 2946 intuenda
700 2883 795 2946 sunt:
823 2882 868 2944 ita
890 2903 962 2945 curn
985 2879 1106 2966 semper
1130 2882 1287 2968 cogitatio

252 2967 336 3030 ultra
350 2965 395 3046 id,
411 2967 500 3054 quod
519 2968 573 3046 est,
587 2967 718 3054 longius
739 2966 873 3052 quaerit:
898 2963 1056 3052 quidquid
1080 2966 1207 3030 interim
1234 2989 1287 3030 re-

252 3053 346 3136 perit,
369 3051 607 3138 quodammodo
628 3051 713 3138 apud
735 3050 922 3115 memoriam
942 3049 1093 3136 deponit:
1117 3051 1203 3137 quod
1218 3052 1285 3132 illa,
1335 3089 1336 3092 κ

250 3138 337 3222 quasi
365 3137 471 3201 media
495 3137 640 3225 quaedam
667 3158 791 3215 manum
816 3149 982 3221 acceptum
1011 3137 1051 3199 ab
1083 3137 1285 3221 inventionet

219 3222 349 3303 4'tradit
364 3221 551 3288 elocutioni.
595 3225 672 3304 Non
699 3221 831 3289 arbitror
853 3234 960 3284 autem
986 3220 1068 3284 mihi
1091 3221 1123 3283 in
1145 3221 1207 3286 hoc
1227 3224 1287 3286 im-

252 3307 457 3393 morandum,
478 3307 580 3394 quid¹¹
605 3307 652 3388 fit,
675 3305 764 3395 quod
788 3305 975 3370 memorium
989 3317 1002 3344 ¹
1026 3305 1146 3370 saciat:
1169 3331 1285 3394 quam-

285 3504 296 3528 ¹
314 3497 389 3560 posset
399 3499 464 3548 Jens.
536 3494 552 3534 b
567 3515 608 3542 om.
622 3499 652 3544 G.
663 3495 726 3544 iens.
804 3503 814 3527 ⁶
834 3497 855 3544 se
867 3496 907 3560 iuſs
918 3495 981 3544 iens.
1063 3495 1074 3526 ¹¹
1093 3497 1167 3543 modo
1178 3497 1208 3543 G.
1221 3497 1286 3546 iens.

252 3563 397 3610 ediscite.
495 3559 595 3624 fet‘infi
608 3563 638 3609 G.
736 3567 806 3608 tom.
819 3563 850 3608 G.
861 3562 924 3608 Jens.
1010 3559 1286 3613 ¹¹,c0nttneanturiens

251 3625 258 3660 ¹
278 3629 360 3689 legem*
368 3629 400 3674 G.
410 3628 474 3674 Jcns.
540 3626 546 3663 ¹
563 3640 618 3686 quae
629 3625 669 3688 irfi
682 3625 721 3670 tid.
741 3627 888 3688 Quidfifm'r
897 3624 1015 3671 distorum
1027 3625 1088 3672 bene
1100 3625 1284 3686 sadommquc?

251 3699 269 3730 ὓ
286 3710 327 3738 om.
340 3693 370 3741 G.
469 3697 481 3721 ¹¹
499 3692 632 3750 eademque
644 3693 674 3737 G.
767 3691 779 3718 0
797 3689 1037 3750 praesentaremus.
1129 3697 1141 3730 r
1156 3692 1210 3738 sunt
1220 3692 1285 3741 tent,

227 3766 263 3803 »s
274 3772 306 3804 ca
316 3758 345 3803 G.
357 3757 420 3805 tens.
487 3762 565 3818 rqum
577 3757 607 3804 G.
672 3765 739 3808 succ
751 3755 781 3802 G.
793 3756 856 3804 Jens.
911 3754 1126 3816 'tintcntioncir'd
1188 3757 1285 3817 mquid.

250 3823 309 3883 quid
321 3835 397 3870 mem.
409 3821 449 3869 tid.
515 3827 526 3850 ¹
546 3819 663 3869 memoria
671 3819 735 3865 Jens.

249 3970 280 4022 de
300 3970 322 4022 se
340 3971 366 4021 in
378 3970 459 4022 Bruto
476 3986 500 4020 c.
515 3987 557 4034 93,
575 3969 680 4034 Propter·
696 3984 742 4018 ex·
790 3965 909 4018 varietate
930 3965 1046 4018 sortiendi
1067 3967 1093 4018 in
1115 3969 1209 4021 talibus
1233 3971 1284 4040 ipse

250 4038 365 4108 papirius,
378 4041 469 4106 inquit,
479 4048 503 4088 et
519 4037 618 4090 minime
633 4036 743 4104 vulgare
791 4037 836 4087 sub
849 4037 922 4087 finem
935 4039 1057 4098 Orutoris,
1071 4037 1147 4106 Primi
1162 4040 1226 4091 enim
1237 4057 1284 4090 nme

251 4106 695 4175 orationisgmrus‚arrimoshominum
708 4107 746 4158 ad
783 4105 863 4175 selum
884 4105 955 4157 aliud
975 4105 1042 4165 mihi,
1066 4106 1135 4158 aliud
1160 4109 1213 4171 tibi,
1236 4111 1286 4180 sed

247 4183 290 4226 ‘me
309 4175 403 4229 dicendi
423 4176 538 4228 novitate
558 4186 740 4228 converteram.
786 4174 903 4242 mihiipsi
912 4175 1160 4228 aliudaliarvideri.

252 4245 308 4312 Ipsa
336 4247 420 4306 verba,
444 4264 501 4314 quae
528 4247 613 4298 laudat
637 4246 742 4304 Fabius,
828 4247 906 4309 Issg.
925 4246 982 4298 dum
1002 4244 1054 4297 alia
1073 4245 1185 4314 dicimus]
1205 4243 1283 4301 Cous.

250 4314 538 4370 nouduminveniebanr‚
568 4317 695 4389 Caeterum
712 4315 742 4366 de
794 4333 836 4374 10,
849 4332 876 4375 7,
892 4333 934 4368 rc.
1021 4350 1023 4354 -
1047 4349 1050 4356 ·
1093 4351 1096 4358 .

802 4401 857 4468 ¹³3
