<?xml version="1.0" encoding="UTF-8"?>
<!DOCTYPE html PUBLIC "-//W3C//DTD XHTML 1.0 Transitional//EN"
    "http://www.w3.org/TR/xhtml1/DTD/xhtml1-transitional.dtd">
<html xmlns="http://www.w3.org/1999/xhtml" xml:lang="en" lang="en">
 <head>
  <title>
</title>
<meta http-equiv="Content-Type" content="text/html;charset=utf-8" />
  <meta name='ocr-system' content='tesseract 3.04.00' />
  <meta name='ocr-capabilities' content='ocr_page ocr_carea ocr_par ocr_line ocrx_word'/>
</head>
<body>
  <div class='ocr_page' id='page_1' title='image "./mfabiiquinctili00gesngoog_0211.png"; bbox 0 0 3020 4918; ppageno 0'>
   <div class='ocr_carea' id='block_1_1' title="bbox 451 411 1276 485">
    <p class='ocr_par' dir='ltr' id='par_1_1' title="bbox 451 411 1276 485">
     <span class='ocr_line' id='line_1_1' title="bbox 451 411 1276 485; baseline -0.002 -14"><span class='ocrx_word' id='word_1_1' title='bbox 451 413 619 474; x_wconf 84' lang='lat' dir='ltr'><strong>INSTIT.</strong></span> <span class='ocrx_word' id='word_1_2' title='bbox 643 411 846 471; x_wconf 90' lang='lat' dir='ltr'>ORATOR.</span> <span class='ocrx_word' id='word_1_3' title='bbox 870 413 951 470; x_wconf 89' lang='lat' dir='ltr'><strong>LIB.</strong></span> <span class='ocrx_word' id='word_1_4' title='bbox 972 411 1009 471; x_wconf 87' lang='lat' dir='ltr'><strong>X.</strong></span> <span class='ocrx_word' id='word_1_5' title='bbox 1027 429 1054 485; x_wconf 82' lang='lat'><strong>3.</strong></span> <span class='ocrx_word' id='word_1_6' title='bbox 1220 421 1276 484; x_wconf 75' lang='lat'><strong>203</strong></span> 
     </span>
    </p>
   </div>
   <div class='ocr_carea' id='block_1_2' title="bbox 181 572 1308 3812">
    <p class='ocr_par' dir='ltr' id='par_1_2' title="bbox 181 572 1308 3812">
     <span class='ocr_line' id='line_1_2' title="bbox 192 572 1278 653; baseline 0.006 -22"><span class='ocrx_word' id='word_1_7' title='bbox 192 572 350 638; x_wconf 77' lang='lat' dir='ltr'><strong>roofficio</strong></span> <span class='ocrx_word' id='word_1_8' title='bbox 373 587 477 640; x_wconf 90' lang='lat' dir='ltr'><strong>emnt.</strong></span> <span class='ocrx_word' id='word_1_9' title='bbox 523 579 657 645; x_wconf 87' lang='lat' dir='ltr'><strong>Summa</strong></span> <span class='ocrx_word' id='word_1_10' title='bbox 681 576 752 640; x_wconf 84' lang='lat' dir='ltr'><strong>haec</strong></span> <span class='ocrx_word' id='word_1_11' title='bbox 778 577 819 638; x_wconf 84' lang='lat' dir='ltr'><strong>est</strong></span> <span class='ocrx_word' id='word_1_12' title='bbox 843 575 898 653; x_wconf 88' lang='lat' dir='ltr'><strong>rei,</strong></span> <span class='ocrx_word' id='word_1_13' title='bbox 917 593 1008 638; x_wconf 87' lang='lat' dir='ltr'><strong>erro</strong></span> <span class='ocrx_word' id='word_1_14' title='bbox 1034 572 1278 638; x_wconf 80' lang='lat' dir='ltr'><strong>scribendo-non</strong></span> 
     </span>
     <span class='ocr_line' id='line_1_3' title="bbox 243 658 1280 738; baseline 0 -16"><span class='ocrx_word' id='word_1_15' title='bbox 243 659 294 738; x_wconf 77' lang='lat' dir='ltr'><strong>sat,</strong></span> <span class='ocrx_word' id='word_1_16' title='bbox 312 671 349 726; x_wconf 90' lang='lat' dir='ltr'><strong>ut</strong></span> <span class='ocrx_word' id='word_1_17' title='bbox 370 659 452 726; x_wconf 88' lang='lat' dir='ltr'><strong>bene</strong></span> <span class='ocrx_word' id='word_1_18' title='bbox 475 661 649 728; x_wconf 83' lang='lat' dir='ltr'>scribatur:</span> <span class='ocrx_word' id='word_1_19' title='bbox 677 663 758 726; x_wconf 90' lang='lat' dir='ltr'><strong>bene</strong></span> <span class='ocrx_word' id='word_1_20' title='bbox 782 661 945 724; x_wconf 87' lang='lat' dir='ltr'><strong>scribendo</strong></span> <span class='ocrx_word' id='word_1_21' title='bbox 970 659 1017 738; x_wconf 87' lang='lat' dir='ltr'><strong>fit,</strong></span> <span class='ocrx_word' id='word_1_22' title='bbox 1033 673 1070 724; x_wconf 92' lang='lat' dir='ltr'><strong>ut</strong></span> <span class='ocrx_word' id='word_1_23' title='bbox 1092 661 1168 723; x_wconf 88' lang='lat' dir='ltr'><strong>cito.</strong></span> <span class='ocrx_word' id='word_1_24' title='bbox 1214 658 1280 722; x_wconf 87' lang='lat' dir='ltr'><strong>Sed</strong></span> 
     </span>
     <span class='ocr_line' id='line_1_4' title="bbox 246 745 1280 832; baseline 0 -24"><span class='ocrx_word' id='word_1_25' title='bbox 246 758 317 812; x_wconf 87' lang='lat' dir='ltr'><strong>tum</strong></span> <span class='ocrx_word' id='word_1_26' title='bbox 342 746 491 828; x_wconf 83' lang='lat' dir='ltr'>maxime,</span> <span class='ocrx_word' id='word_1_27' title='bbox 507 769 580 813; x_wconf 93' lang='lat' dir='ltr'><strong>cum</strong></span> <span class='ocrx_word' id='word_1_28' title='bbox 603 745 736 820; x_wconf 72' lang='lat' dir='ltr'><strong>facultas</strong></span> <span class='ocrx_word' id='word_1_29' title='bbox 759 745 813 808; x_wconf 92' lang='lat' dir='ltr'><strong>illa</strong></span> <span class='ocrx_word' id='word_1_30' title='bbox 835 745 1021 832; x_wconf 84' lang='lat' dir='ltr'><strong>contigerit,</strong></span> <span class='ocrx_word' id='word_1_31' title='bbox 1045 745 1226 820; x_wconf 80' lang='lat' dir='ltr'><strong>resistamus,</strong></span> <span class='ocrx_word' id='word_1_32' title='bbox 1242 757 1280 808; x_wconf 90' lang='lat' dir='ltr'><strong>ut</strong></span> 
     </span>
     <span class='ocr_line' id='line_1_5' title="bbox 190 827 1280 917; baseline 0 -25"><span class='ocrx_word' id='word_1_33' title='bbox 190 883 198 911; x_wconf 21' lang='grc' dir='ltr'><strong>χ</strong></span> <span class='ocrx_word' id='word_1_34' title='bbox 246 827 467 914; x_wconf 86' lang='lat' dir='ltr'><strong>provideamus</strong></span> <span class='ocrx_word' id='word_1_35' title='bbox 479 831 502 912; x_wconf 73' lang='lat' dir='ltr'><strong>f,</strong></span> <span class='ocrx_word' id='word_1_36' title='bbox 527 846 560 898; x_wconf 92' lang='lat' dir='ltr'><strong>et</strong></span> <span class='ocrx_word' id='word_1_37' title='bbox 587 843 881 896; x_wconf 69' lang='lat' dir='ltr'><strong>runoctsnrasss</strong></span> <span class='ocrx_word' id='word_1_38' title='bbox 906 851 1006 917; x_wconf 91' lang='lat' dir='ltr'><strong>equos</strong></span> <span class='ocrx_word' id='word_1_39' title='bbox 1027 827 1123 893; x_wconf 82' lang='lat' dir='ltr'><strong>frenis</strong></span> <span class='ocrx_word' id='word_1_40' title='bbox 1149 829 1280 915; x_wconf 86' lang='lat' dir='ltr'><strong>quibus·</strong></span> 
     </span>
     <span class='ocr_line' id='line_1_6' title="bbox 233 911 1278 1004; baseline 0 -28"><span class='ocrx_word' id='word_1_41' title='bbox 233 911 320 976; x_wconf 85' lang='lat' dir='ltr'><strong>&#39;dam</strong></span> <span class='ocrx_word' id='word_1_42' title='bbox 335 937 558 980; x_wconf 86' lang='lat' dir='ltr'>coerceamus:</span> <span class='ocrx_word' id='word_1_43' title='bbox 582 915 670 1004; x_wconf 92' lang='lat' dir='ltr'><strong>quod</strong></span> <span class='ocrx_word' id='word_1_44' title='bbox 685 939 748 980; x_wconf 91' lang='lat' dir='ltr'><strong>non</strong></span> <span class='ocrx_word' id='word_1_45' title='bbox 765 931 829 980; x_wconf 88' lang='lat' dir='ltr'><strong>tam</strong></span> <span class='ocrx_word' id='word_1_46' title='bbox 846 938 966 980; x_wconf 91' lang='lat' dir='ltr'><strong>moram</strong></span> <span class='ocrx_word' id='word_1_47' title='bbox 983 913 1089 992; x_wconf 87' lang='lat' dir='ltr'><strong>saciet,</strong></span> <span class='ocrx_word' id='word_1_48' title='bbox 1106 937 1200 999; x_wconf 87' lang='lat' dir='ltr'><strong>quam</strong></span> <span class='ocrx_word' id='word_1_49' title='bbox 1217 933 1278 976; x_wconf 91' lang='lat' dir='ltr'><strong>no-</strong></span> 
     </span>
     <span class='ocr_line' id='line_1_7' title="bbox 246 999 1278 1085; baseline 0 -23"><span class='ocrx_word' id='word_1_50' title='bbox 246 1021 303 1074; x_wconf 69' lang='lat' dir='ltr'><strong>ros</strong></span> <span class='ocrx_word' id='word_1_51' title='bbox 319 999 459 1084; x_wconf 83' lang='lat' dir='ltr'><strong>impetus</strong></span> <span class='ocrx_word' id='word_1_52' title='bbox 473 1002 573 1066; x_wconf 88' lang='lat' dir='ltr'><strong>dabit.</strong></span> <span class='ocrx_word' id='word_1_53' title='bbox 618 1001 691 1068; x_wconf 90' lang='lat' dir='ltr'><strong>Nec</strong></span> <span class='ocrx_word' id='word_1_54' title='bbox 712 1002 798 1066; x_wconf 92' lang='lat' dir='ltr'><strong>enim</strong></span> <span class='ocrx_word' id='word_1_55' title='bbox 821 1001 924 1064; x_wconf 88' lang='lat' dir='ltr'><strong>rursus</strong></span> <span class='ocrx_word' id='word_1_56' title='bbox 948 1019 1015 1076; x_wconf 76' lang='lat' dir='ltr'><strong>ece,</strong></span> <span class='ocrx_word' id='word_1_57' title='bbox 1031 999 1087 1085; x_wconf 86' lang='lat' dir='ltr'><strong>qui</strong></span> <span class='ocrx_word' id='word_1_58' title='bbox 1108 1001 1205 1064; x_wconf 91' lang='lat' dir='ltr'><strong>robur</strong></span> <span class='ocrx_word' id='word_1_59' title='bbox 1219 999 1278 1062; x_wconf 88' lang='lat' dir='ltr'><strong>ali-</strong></span> 
     </span>
     <span class='ocr_line' id='line_1_8' title="bbox 247 1083 1279 1169; baseline 0.004 -23"><span class='ocrx_word' id='word_1_60' title='bbox 247 1083 336 1169; x_wconf 91' lang='lat' dir='ltr'>quod</span> <span class='ocrx_word' id='word_1_61' title='bbox 350 1085 383 1146; x_wconf 88' lang='lat' dir='ltr'><strong>iu</strong></span> <span class='ocrx_word' id='word_1_62' title='bbox 398 1083 464 1149; x_wconf 86' lang='lat' dir='ltr'><strong>stilo</strong></span> <span class='ocrx_word' id='word_1_63' title='bbox 478 1084 623 1163; x_wconf 86' lang='lat' dir='ltr'><strong>fecerint,</strong></span> <span class='ocrx_word' id='word_1_64' title='bbox 638 1085 678 1152; x_wconf 89' lang='lat' dir='ltr'><strong>ad</strong></span> <span class='ocrx_word' id='word_1_65' title='bbox 693 1085 853 1150; x_wconf 82' lang='lat' dir='ltr'><strong>infelicem</strong></span> <span class='ocrx_word' id='word_1_66' title='bbox 870 1083 1085 1149; x_wconf 88' lang='lat' dir='ltr'><strong>calumniandi</strong></span> <span class='ocrx_word' id='word_1_67' title='bbox 1101 1085 1131 1146; x_wconf 89' lang='lat' dir='ltr'><strong>se</strong></span> <span class='ocrx_word' id='word_1_68' title='bbox 1152 1105 1279 1169; x_wconf 86' lang='lat' dir='ltr'><strong>poenam</strong></span> 
     </span>
     <span class='ocr_line' id='line_1_9' title="bbox 197 1167 1280 1258; baseline 0.003 -26"><span class='ocrx_word' id='word_1_69' title='bbox 197 1180 233 1224; x_wconf 87' lang='lat'><strong>11</strong></span> <span class='ocrx_word' id='word_1_70' title='bbox 247 1167 426 1255; x_wconf 87' lang='lat' dir='ltr'><strong>alligandos</strong></span> <span class='ocrx_word' id='word_1_71' title='bbox 449 1185 537 1258; x_wconf 84' lang='lat' dir='ltr'><strong>puto.</strong></span> <span class='ocrx_word' id='word_1_72' title='bbox 581 1171 668 1234; x_wconf 87' lang='lat' dir='ltr'><strong>Nam</strong></span> <span class='ocrx_word' id='word_1_73' title='bbox 691 1173 854 1257; x_wconf 89' lang='lat' dir='ltr'><strong>quomodo</strong></span> <span class='ocrx_word' id='word_1_74' title='bbox 879 1169 1016 1234; x_wconf 89' lang='lat' dir='ltr'><strong>sufficere</strong></span> <span class='ocrx_word' id='word_1_75' title='bbox 1039 1169 1187 1232; x_wconf 86' lang='lat' dir='ltr'><strong>civilibus</strong></span> <span class='ocrx_word' id='word_1_76' title='bbox 1209 1170 1280 1235; x_wconf 85' lang='lat' dir='ltr'><strong>offi-</strong></span> 
     </span>
     <span class='ocr_line' id='line_1_10' title="bbox 250 1253 1276 1342; baseline 0.003 -26"><span class='ocrx_word' id='word_1_77' title='bbox 250 1254 308 1318; x_wconf 89' lang='lat' dir='ltr'><strong>ciis</strong></span> <span class='ocrx_word' id='word_1_78' title='bbox 336 1255 437 1340; x_wconf 78' lang='lat' dir='ltr'><strong>possit,</strong></span> <span class='ocrx_word' id='word_1_79' title='bbox 467 1256 521 1342; x_wconf 89' lang='lat' dir='ltr'><strong>qui</strong></span> <span class='ocrx_word' id='word_1_80' title='bbox 557 1255 687 1342; x_wconf 86' lang='lat' dir='ltr'><strong>fingulis</strong></span> <span class='ocrx_word' id='word_1_81' title='bbox 716 1257 879 1321; x_wconf 73' lang='lat' dir='ltr'><strong>astionem</strong></span> <span class='ocrx_word' id='word_1_82' title='bbox 909 1254 1050 1340; x_wconf 90' lang='lat' dir='ltr'><strong>partibus</strong></span> <span class='ocrx_word' id='word_1_83' title='bbox 1080 1253 1276 1319; x_wconf 79' lang='lat' dir='ltr'><strong>inseneseatl</strong></span> 
     </span>
     <span class='ocr_line' id='line_1_11' title="bbox 251 1339 1301 1428; baseline 0.004 -27"><span class='ocrx_word' id='word_1_84' title='bbox 251 1339 333 1404; x_wconf 86' lang='lat' dir='ltr'>Sunt</span> <span class='ocrx_word' id='word_1_85' title='bbox 347 1353 466 1416; x_wconf 88' lang='lat' dir='ltr'><strong>autem,</strong></span> <span class='ocrx_word' id='word_1_86' title='bbox 481 1341 598 1428; x_wconf 89' lang='lat' dir='ltr'><strong>quibus</strong></span> <span class='ocrx_word' id='word_1_87' title='bbox 620 1339 700 1404; x_wconf 90' lang='lat' dir='ltr'><strong>nihil</strong></span> <span class='ocrx_word' id='word_1_88' title='bbox 722 1341 757 1404; x_wconf 89' lang='lat' dir='ltr'><strong>srt</strong></span> <span class='ocrx_word' id='word_1_89' title='bbox 779 1339 871 1420; x_wconf 79' lang='lat' dir='ltr'><strong>satis3</strong></span> <span class='ocrx_word' id='word_1_90' title='bbox 895 1340 1003 1402; x_wconf 87' lang='lat' dir='ltr'><strong>onmia</strong></span> <span class='ocrx_word' id='word_1_91' title='bbox 1022 1353 1154 1417; x_wconf 89' lang='lat' dir='ltr'><strong>mutare,</strong></span> <span class='ocrx_word' id='word_1_92' title='bbox 1171 1341 1281 1406; x_wconf 86' lang='lat' dir='ltr'><strong>omnia</strong></span> <span class='ocrx_word' id='word_1_93' title='bbox 1298 1388 1301 1393; x_wconf 91' lang='lat'>-</span> 
     </span>
     <span class='ocr_line' id='line_1_12' title="bbox 249 1423 1279 1512; baseline 0.002 -26"><span class='ocrx_word' id='word_1_94' title='bbox 249 1423 341 1488; x_wconf 89' lang='lat' dir='ltr'><strong>aliter</strong></span> <span class='ocrx_word' id='word_1_95' title='bbox 363 1425 479 1502; x_wconf 84' lang='lat' dir='ltr'><strong>dicere,</strong></span> <span class='ocrx_word' id='word_1_96' title='bbox 495 1449 590 1512; x_wconf 87' lang='lat' dir='ltr'><strong>quam</strong></span> <span class='ocrx_word' id='word_1_97' title='bbox 615 1425 766 1506; x_wconf 88' lang='lat' dir='ltr'><strong>occurrit,</strong></span> <span class='ocrx_word' id='word_1_98' title='bbox 787 1426 886 1490; x_wconf 88' lang='lat' dir='ltr'><strong>velint</strong></span> <span class='ocrx_word' id='word_1_99' title='bbox 900 1425 934 1488; x_wconf 76' lang='lat'><strong>¹¹:</strong></span> <span class='ocrx_word' id='word_1_100' title='bbox 959 1424 1111 1488; x_wconf 89' lang='lat' dir='ltr'><strong>increduli</strong></span> <span class='ocrx_word' id='word_1_101' title='bbox 1133 1425 1279 1511; x_wconf 88' lang='lat' dir='ltr'><strong>quidam,</strong></span> 
     </span>
     <span class='ocr_line' id='line_1_13' title="bbox 249 1509 1278 1598; baseline 0 -26"><span class='ocrx_word' id='word_1_102' title='bbox 249 1511 338 1574; x_wconf 86' lang='lat' dir='ltr'><strong>etde</strong></span> <span class='ocrx_word' id='word_1_103' title='bbox 361 1510 492 1596; x_wconf 78' lang='lat' dir='ltr'><strong>ingenio</strong></span> <span class='ocrx_word' id='word_1_104' title='bbox 513 1512 567 1574; x_wconf 87' lang='lat' dir='ltr'><strong>suo</strong></span> <span class='ocrx_word' id='word_1_105' title='bbox 583 1512 709 1598; x_wconf 79' lang='lat' dir='ltr'><strong>pessime</strong></span> <span class='ocrx_word' id='word_1_106' title='bbox 724 1512 842 1590; x_wconf 88' lang='lat' dir='ltr'><strong>meriti,</strong></span> <span class='ocrx_word' id='word_1_107' title='bbox 858 1510 914 1598; x_wconf 84' lang='lat' dir='ltr'><strong>qui</strong></span> <span class='ocrx_word' id='word_1_108' title='bbox 938 1509 1136 1596; x_wconf 82' lang='lat' dir='ltr'><strong>diligentiam</strong></span> <span class='ocrx_word' id='word_1_109' title='bbox 1152 1525 1278 1596; x_wconf 88' lang='lat' dir='ltr'><strong>putant,</strong></span> 
     </span>
     <span class='ocr_line' id='line_1_14' title="bbox 198 1592 1278 1679; baseline 0 -21"><span class='ocrx_word' id='word_1_110' title='bbox 198 1592 419 1671; x_wconf 74' lang='lat' dir='ltr'><strong>12facerefibi</strong></span> <span class='ocrx_word' id='word_1_111' title='bbox 438 1596 591 1660; x_wconf 87' lang='lat' dir='ltr'><strong>scribendi</strong></span> <span class='ocrx_word' id='word_1_112' title='bbox 610 1595 843 1659; x_wconf 89' lang='lat' dir='ltr'><strong>difficultatem.</strong></span> <span class='ocrx_word' id='word_1_113' title='bbox 887 1597 958 1658; x_wconf 92' lang='lat' dir='ltr'><strong>Nec</strong></span> <span class='ocrx_word' id='word_1_114' title='bbox 979 1609 1140 1679; x_wconf 88' lang='lat' dir='ltr'><strong>promtum</strong></span> <span class='ocrx_word' id='word_1_115' title='bbox 1164 1597 1206 1658; x_wconf 87' lang='lat' dir='ltr'><strong>est</strong></span> <span class='ocrx_word' id='word_1_116' title='bbox 1228 1595 1278 1659; x_wconf 83' lang='lat' dir='ltr'><strong>di·</strong></span> 
     </span>
     <span class='ocr_line' id='line_1_15' title="bbox 250 1679 1280 1766; baseline 0.002 -24"><span class='ocrx_word' id='word_1_117' title='bbox 250 1701 334 1758; x_wconf 89' lang='lat' dir='ltr'><strong>cere,</strong></span> <span class='ocrx_word' id='word_1_118' title='bbox 360 1693 448 1744; x_wconf 86' lang='lat' dir='ltr'><strong>utros</strong></span> <span class='ocrx_word' id='word_1_119' title='bbox 474 1703 604 1766; x_wconf 87' lang='lat' dir='ltr'><strong>peccare</strong></span> <span class='ocrx_word' id='word_1_120' title='bbox 630 1679 765 1744; x_wconf 86' lang='lat' dir='ltr'><strong>validius</strong></span> <span class='ocrx_word' id='word_1_121' title='bbox 795 1693 916 1765; x_wconf 86' lang='lat' dir='ltr'><strong>putem,</strong></span> <span class='ocrx_word' id='word_1_122' title='bbox 945 1680 1062 1766; x_wconf 91' lang='lat' dir='ltr'><strong>quibus</strong></span> <span class='ocrx_word' id='word_1_123' title='bbox 1092 1679 1200 1756; x_wconf 86' lang='lat' dir='ltr'><strong>omnia</strong></span> <span class='ocrx_word' id='word_1_124' title='bbox 1227 1681 1280 1744; x_wconf 87' lang='lat' dir='ltr'><strong>sua</strong></span> 
     </span>
     <span class='ocr_line' id='line_1_16' title="bbox 193 1764 1280 1852; baseline 0.004 -26"><span class='ocrx_word' id='word_1_125' title='bbox 193 1821 201 1846; x_wconf 77' lang='lat'><strong>··.</strong></span> <span class='ocrx_word' id='word_1_126' title='bbox 250 1765 389 1850; x_wconf 89' lang='lat' dir='ltr'><strong>placent,</strong></span> <span class='ocrx_word' id='word_1_127' title='bbox 405 1788 443 1828; x_wconf 88' lang='lat' dir='ltr'><strong>an</strong></span> <span class='ocrx_word' id='word_1_128' title='bbox 464 1767 581 1850; x_wconf 88' lang='lat' dir='ltr'><strong>quibus</strong></span> <span class='ocrx_word' id='word_1_129' title='bbox 597 1766 689 1828; x_wconf 89' lang='lat' dir='ltr'><strong>nihil.</strong></span> <span class='ocrx_word' id='word_1_130' title='bbox 732 1766 862 1830; x_wconf 84' lang='lat' dir='ltr'><strong>Accidit</strong></span> <span class='ocrx_word' id='word_1_131' title='bbox 879 1765 980 1828; x_wconf 72' lang='lat' dir='ltr'><strong>enirni</strong></span> <span class='ocrx_word' id='word_1_132' title='bbox 996 1764 1090 1828; x_wconf 89' lang='lat' dir='ltr'><strong>etiam</strong></span> <span class='ocrx_word' id='word_1_133' title='bbox 1110 1765 1280 1852; x_wconf 85' lang='lat' dir='ltr'><strong>ingeniosis</strong></span> 
     </span>
     <span class='ocr_line' id='line_1_17' title="bbox 250 1849 1280 1934; baseline 0 -20"><span class='ocrx_word' id='word_1_134' title='bbox 250 1849 502 1914; x_wconf 83' lang='lat' dir='ltr'><strong>adolescentibus</strong></span> <span class='ocrx_word' id='word_1_135' title='bbox 524 1851 569 1915; x_wconf 87' lang='lat' dir='ltr'><strong>sre</strong></span> <span class='ocrx_word' id='word_1_136' title='bbox 594 1864 718 1930; x_wconf 89' lang='lat' dir='ltr'><strong>uenter,</strong></span> <span class='ocrx_word' id='word_1_137' title='bbox 737 1865 775 1934; x_wconf 76' lang='lat' dir='ltr'><strong>nt</strong></span> <span class='ocrx_word' id='word_1_138' title='bbox 796 1851 905 1914; x_wconf 90' lang='lat' dir='ltr'><strong>labore</strong></span> <span class='ocrx_word' id='word_1_139' title='bbox 928 1849 1163 1926; x_wconf 80' lang='lat' dir='ltr'><strong>consumantur,</strong></span> <span class='ocrx_word' id='word_1_140' title='bbox 1189 1865 1222 1914; x_wconf 90' lang='lat' dir='ltr'><strong>et</strong></span> <span class='ocrx_word' id='word_1_141' title='bbox 1247 1852 1280 1914; x_wconf 92' lang='lat' dir='ltr'><strong>in</strong></span> 
     </span>
     <span class='ocr_line' id='line_1_18' title="bbox 250 1875 1280 2022; baseline 0.003 -24"><span class='ocrx_word' id='word_1_142' title='bbox 250 1935 406 1998; x_wconf 86' lang='lat' dir='ltr'><strong>filentium</strong></span> <span class='ocrx_word' id='word_1_143' title='bbox 422 1936 519 2022; x_wconf 87' lang='lat' dir='ltr'><strong>usque</strong></span> <span class='ocrx_word' id='word_1_144' title='bbox 534 1875 723 2000; x_wconf 75' lang='lat' dir='ltr'><strong>deicendant</strong></span> <span class='ocrx_word' id='word_1_145' title='bbox 739 1935 836 1998; x_wconf 91' lang='lat' dir='ltr'><strong>nimia</strong></span> <span class='ocrx_word' id='word_1_146' title='bbox 850 1937 931 2000; x_wconf 88' lang='lat' dir='ltr'><strong>bene</strong></span> <span class='ocrx_word' id='word_1_147' title='bbox 951 1934 1077 1998; x_wconf 90' lang='lat' dir='ltr'><strong>dicendi</strong></span> <span class='ocrx_word' id='word_1_148' title='bbox 1094 1935 1280 2020; x_wconf 87' lang='lat' dir='ltr'><strong>cupiditate.</strong></span> 
     </span>
     <span class='ocr_line' id='line_1_19' title="bbox 253 2019 1279 2101; baseline 0.005 -17"><span class='ocrx_word' id='word_1_149' title='bbox 253 2021 327 2084; x_wconf 77' lang='lat' dir='ltr'><strong>Qua</strong></span> <span class='ocrx_word' id='word_1_150' title='bbox 340 2020 380 2084; x_wconf 92' lang='lat' dir='ltr'><strong>de</strong></span> <span class='ocrx_word' id='word_1_151' title='bbox 395 2043 427 2084; x_wconf 89' lang='lat' dir='ltr'><strong>re</strong></span> <span class='ocrx_word' id='word_1_152' title='bbox 450 2021 581 2094; x_wconf 86' lang='lat' dir='ltr'><strong>memini</strong></span> <span class='ocrx_word' id='word_1_153' title='bbox 597 2021 727 2084; x_wconf 80' lang='lat' dir='ltr'><strong>narrasse</strong></span> <span class='ocrx_word' id='word_1_154' title='bbox 741 2021 821 2083; x_wconf 92' lang='lat' dir='ltr'><strong>mihi</strong></span> <span class='ocrx_word' id='word_1_155' title='bbox 836 2023 855 2084; x_wconf 90' lang='lat' dir='ltr'>J</span> <span class='ocrx_word' id='word_1_156' title='bbox 858 2021 959 2084; x_wconf 92' lang='lat' dir='ltr'><strong>ulium</strong></span> <span class='ocrx_word' id='word_1_157' title='bbox 977 2019 1158 2084; x_wconf 91' lang='lat' dir='ltr'><strong>Secundum</strong></span> <span class='ocrx_word' id='word_1_158' title='bbox 1176 2021 1279 2101; x_wconf 84' lang='lat' dir='ltr'><strong>illum,</strong></span> 
     </span>
     <span class='ocr_line' id='line_1_20' title="bbox 251 2105 1282 2192; baseline 0.003 -25"><span class='ocrx_word' id='word_1_159' title='bbox 251 2105 406 2192; x_wconf 83' lang='lat' dir='ltr'><strong>aequalem</strong></span> <span class='ocrx_word' id='word_1_160' title='bbox 434 2128 554 2184; x_wconf 90' lang='lat' dir='ltr'><strong>meum,</strong></span> <span class='ocrx_word' id='word_1_161' title='bbox 572 2119 668 2191; x_wconf 89' lang='lat' dir='ltr'><strong>atque</strong></span> <span class='ocrx_word' id='word_1_162' title='bbox 693 2129 711 2169; x_wconf 92' lang='lat' dir='ltr'><strong>a</strong></span> <span class='ocrx_word' id='word_1_163' title='bbox 734 2129 798 2184; x_wconf 86' lang='lat' dir='ltr'><strong>nre,</strong></span> <span class='ocrx_word' id='word_1_164' title='bbox 816 2120 854 2168; x_wconf 92' lang='lat' dir='ltr'><strong>ut</strong></span> <span class='ocrx_word' id='word_1_165' title='bbox 881 2117 992 2168; x_wconf 86' lang='lat' dir='ltr'><strong>notum</strong></span> <span class='ocrx_word' id='word_1_166' title='bbox 1019 2106 1071 2179; x_wconf 87' lang='lat' dir='ltr'><strong>esl,</strong></span> <span class='ocrx_word' id='word_1_167' title='bbox 1086 2105 1282 2170; x_wconf 82' lang='lat' dir='ltr'><strong>familiariter</strong></span> 
     </span>
     <span class='ocr_line' id='line_1_21' title="bbox 181 2190 1280 2270; baseline 0.001 -19"><span class='ocrx_word' id='word_1_168' title='bbox 181 2258 184 2264; x_wconf 41' lang='grc'>,</span> <span class='ocrx_word' id='word_1_169' title='bbox 252 2206 405 2267; x_wconf 90' lang='lat' dir='ltr'><strong>amatum,</strong></span> <span class='ocrx_word' id='word_1_170' title='bbox 435 2191 523 2254; x_wconf 82' lang='lat' dir='ltr'><strong>mirae</strong></span> <span class='ocrx_word' id='word_1_171' title='bbox 553 2191 710 2256; x_wconf 71' lang='lat' dir='ltr'><strong>facundiae</strong></span> <span class='ocrx_word' id='word_1_172' title='bbox 740 2192 855 2270; x_wconf 87' lang='lat' dir='ltr'><strong>virum,</strong></span> <span class='ocrx_word' id='word_1_173' title='bbox 885 2190 1018 2252; x_wconf 82' lang='lat' dir='ltr'><strong>infinitae</strong></span> <span class='ocrx_word' id='word_1_174' title='bbox 1049 2203 1155 2252; x_wconf 90' lang='lat' dir='ltr'><strong>tamen</strong></span> <span class='ocrx_word' id='word_1_175' title='bbox 1185 2213 1280 2270; x_wconf 67' lang='lat' dir='ltr'><strong>cirria,</strong></span> 
     </span>
     <span class='ocr_line' id='line_1_22' title="bbox 194 2274 1280 2362; baseline 0 -22"><span class='ocrx_word' id='word_1_176' title='bbox 194 2289 238 2356; x_wconf 35' lang='lat'><strong>,13</strong></span> <span class='ocrx_word' id='word_1_177' title='bbox 252 2275 330 2360; x_wconf 90' lang='lat' dir='ltr'><strong>quid</strong></span> <span class='ocrx_word' id='word_1_178' title='bbox 343 2278 350 2314; x_wconf 82' lang='lat'><strong>¹</strong></span> <span class='ocrx_word' id='word_1_179' title='bbox 367 2275 441 2339; x_wconf 87' lang='lat' dir='ltr'><strong>effet</strong></span> <span class='ocrx_word' id='word_1_180' title='bbox 456 2275 509 2340; x_wconf 81' lang='lat' dir='ltr'><strong>fibi</strong></span> <span class='ocrx_word' id='word_1_181' title='bbox 525 2299 543 2340; x_wconf 91' lang='lat' dir='ltr'><strong>a</strong></span> <span class='ocrx_word' id='word_1_182' title='bbox 556 2291 667 2362; x_wconf 89' lang='lat' dir='ltr'><strong>patruo</strong></span> <span class='ocrx_word' id='word_1_183' title='bbox 682 2275 737 2338; x_wconf 90' lang='lat' dir='ltr'><strong>suo</strong></span> <span class='ocrx_word' id='word_1_184' title='bbox 752 2275 886 2339; x_wconf 66' lang='lat' dir='ltr'><strong>(lictum.</strong></span> <span class='ocrx_word' id='word_1_185' title='bbox 914 2278 946 2337; x_wconf 89' lang='lat' dir='ltr'><strong>Is</strong></span> <span class='ocrx_word' id='word_1_186' title='bbox 961 2274 1023 2337; x_wconf 88' lang='lat' dir='ltr'><strong>snit</strong></span> <span class='ocrx_word' id='word_1_187' title='bbox 1035 2275 1142 2338; x_wconf 87' lang='lat' dir='ltr'><strong>Julius</strong></span> <span class='ocrx_word' id='word_1_188' title='bbox 1158 2276 1280 2355; x_wconf 88' lang='lat' dir='ltr'><strong>Florus,</strong></span> 
     </span>
     <span class='ocr_line' id='line_1_23' title="bbox 252 2359 1283 2446; baseline 0.001 -22"><span class='ocrx_word' id='word_1_189' title='bbox 252 2359 284 2424; x_wconf 90' lang='lat' dir='ltr'><strong>in</strong></span> <span class='ocrx_word' id='word_1_190' title='bbox 313 2360 494 2446; x_wconf 74' lang='lat' dir='ltr'><strong>eloquentia</strong></span> <span class='ocrx_word' id='word_1_191' title='bbox 518 2361 882 2446; x_wconf 88' lang='lat' dir='ltr'><strong>Galliarum&#39;(qu0niam</strong></span> <span class='ocrx_word' id='word_1_192' title='bbox 905 2359 950 2423; x_wconf 91' lang='lat' dir='ltr'><strong>ibi</strong></span> <span class='ocrx_word' id='word_1_193' title='bbox 980 2360 1111 2422; x_wconf 89' lang='lat' dir='ltr'><strong>demum</strong></span> <span class='ocrx_word' id='word_1_194' title='bbox 1140 2361 1283 2425; x_wconf 80' lang='lat' dir='ltr'><strong>exercuit</strong></span> 
     </span>
     <span class='ocr_line' id='line_1_24' title="bbox 253 2445 1283 2534; baseline 0.002 -26"><span class='ocrx_word' id='word_1_195' title='bbox 253 2467 321 2508; x_wconf 90' lang='lat' dir='ltr'><strong>eam</strong></span> <span class='ocrx_word' id='word_1_196' title='bbox 337 2449 370 2530; x_wconf 79' lang='lat'><em>¹¹²)</em></span> <span class='ocrx_word' id='word_1_197' title='bbox 395 2447 551 2532; x_wconf 81' lang='lat' dir='ltr'><strong>princepe,</strong></span> <span class='ocrx_word' id='word_1_198' title='bbox 568 2445 686 2531; x_wconf 88' lang='lat' dir='ltr'><strong>alioqui</strong></span> <span class='ocrx_word' id='word_1_199' title='bbox 708 2445 789 2508; x_wconf 87' lang='lat' dir='ltr'><strong>inter</strong></span> <span class='ocrx_word' id='word_1_200' title='bbox 810 2467 928 2532; x_wconf 88' lang='lat' dir='ltr'><strong>paucos</strong></span> <span class='ocrx_word' id='word_1_201' title='bbox 950 2445 1093 2522; x_wconf 84' lang='lat' dir='ltr'><strong>disertus,</strong></span> <span class='ocrx_word' id='word_1_202' title='bbox 1110 2457 1143 2508; x_wconf 92' lang='lat' dir='ltr'><strong>et</strong></span> <span class='ocrx_word' id='word_1_203' title='bbox 1164 2446 1283 2534; x_wconf 87' lang='lat' dir='ltr'><strong>dignus</strong></span> 
     </span>
     <span class='ocr_line' id='line_1_25' title="bbox 253 2529 1283 2618; baseline 0.002 -24"><span class='ocrx_word' id='word_1_204' title='bbox 253 2529 307 2600; x_wconf 88' lang='lat' dir='ltr'><strong>illa</strong></span> <span class='ocrx_word' id='word_1_205' title='bbox 322 2531 567 2616; x_wconf 86' lang='lat' dir='ltr'><strong>propinquitate.</strong></span> <span class='ocrx_word' id='word_1_206' title='bbox 608 2531 639 2593; x_wconf 90' lang='lat' dir='ltr'><strong>ls</strong></span> <span class='ocrx_word' id='word_1_207' title='bbox 656 2553 727 2594; x_wconf 91' lang='lat' dir='ltr'><strong>cum</strong></span> <span class='ocrx_word' id='word_1_208' title='bbox 746 2531 941 2607; x_wconf 83' lang='lat' dir='ltr'><strong>Secundum,</strong></span> <span class='ocrx_word' id='word_1_209' title='bbox 957 2531 1071 2593; x_wconf 86' lang='lat' dir='ltr'><strong>scholae</strong></span> <span class='ocrx_word' id='word_1_210' title='bbox 1086 2531 1192 2596; x_wconf 86' lang='lat' dir='ltr'><strong>adhuc</strong></span> <span class='ocrx_word' id='word_1_211' title='bbox 1206 2555 1283 2618; x_wconf 89' lang='lat' dir='ltr'><strong>ope·</strong></span> 
     </span>
     <span class='ocr_line' id='line_1_26' title="bbox 254 2612 1284 2701; baseline 0.003 -23"><span class='ocrx_word' id='word_1_212' title='bbox 254 2628 370 2695; x_wconf 89' lang='lat' dir='ltr'><strong>ratum,</strong></span> <span class='ocrx_word' id='word_1_213' title='bbox 400 2617 516 2678; x_wconf 85' lang='lat' dir='ltr'><strong>tristem</strong></span> <span class='ocrx_word' id='word_1_214' title='bbox 545 2612 626 2678; x_wconf 83' lang='lat' dir='ltr'><strong>forte</strong></span> <span class='ocrx_word' id='word_1_215' title='bbox 663 2615 794 2693; x_wconf 82' lang='lat' dir='ltr'><strong>vidisset,</strong></span> <span class='ocrx_word' id='word_1_216' title='bbox 825 2616 1041 2701; x_wconf 80' lang='lat' dir='ltr'><strong>interrogarit,</strong></span> <span class='ocrx_word' id='word_1_217' title='bbox 1073 2639 1146 2701; x_wconf 84' lang='lat' dir='ltr'><strong>quae</strong></span> <span class='ocrx_word' id='word_1_218' title='bbox 1183 2617 1284 2682; x_wconf 76' lang='lat' dir='ltr'><strong>caussa</strong></span> 
     </span>
     <span class='ocr_line' id='line_1_27' title="bbox 202 2697 1283 2778; baseline 0.008 -21"><span class='ocrx_word' id='word_1_219' title='bbox 202 2712 243 2774; x_wconf 87' lang='lat'><strong>14</strong></span> <span class='ocrx_word' id='word_1_220' title='bbox 256 2697 365 2764; x_wconf 89' lang='lat' dir='ltr'><strong>frontis</strong></span> <span class='ocrx_word' id='word_1_221' title='bbox 389 2711 453 2764; x_wconf 83' lang='lat' dir='ltr'><strong>tam</strong></span> <span class='ocrx_word' id='word_1_222' title='bbox 480 2699 676 2764; x_wconf 64' lang='lat' dir='ltr'><strong>obductae?</strong></span> <span class='ocrx_word' id='word_1_223' title='bbox 706 2721 765 2763; x_wconf 89' lang='lat' dir='ltr'><strong>nec</strong></span> <span class='ocrx_word' id='word_1_224' title='bbox 790 2697 991 2763; x_wconf 80' lang='lat' dir='ltr'><strong>dissimulavit</strong></span> <span class='ocrx_word' id='word_1_225' title='bbox 1014 2700 1203 2778; x_wconf 63' lang='lat' dir='ltr'><strong>adolescens</strong></span> <span class='ocrx_word' id='word_1_226' title='bbox 1218 2715 1283 2766; x_wconf 88' lang='lat' dir='ltr'><strong>ter·</strong></span> 
     </span>
     <span class='ocr_line' id='line_1_28' title="bbox 254 2784 1284 2872; baseline 0.004 -24"><span class='ocrx_word' id='word_1_227' title='bbox 254 2785 335 2850; x_wconf 91' lang='lat' dir='ltr'><strong>tium</strong></span> <span class='ocrx_word' id='word_1_228' title='bbox 356 2786 424 2872; x_wconf 89' lang='lat' dir='ltr'><strong>jam</strong></span> <span class='ocrx_word' id='word_1_229' title='bbox 449 2785 534 2850; x_wconf 87' lang='lat' dir='ltr'><strong>diem</strong></span> <span class='ocrx_word' id='word_1_230' title='bbox 560 2785 632 2864; x_wconf 83' lang='lat' dir='ltr'><strong>else,</strong></span> <span class='ocrx_word' id='word_1_231' title='bbox 648 2791 713 2850; x_wconf 84' lang='lat' dir='ltr'><strong>ex⁰</strong></span> <span class='ocrx_word' id='word_1_232' title='bbox 737 2805 802 2870; x_wconf 89' lang='lat' dir='ltr'><strong>quo</strong></span> <span class='ocrx_word' id='word_1_233' title='bbox 829 2785 916 2847; x_wconf 88' lang='lat' dir='ltr'><strong>cumi</strong></span> <span class='ocrx_word' id='word_1_234' title='bbox 946 2784 1053 2848; x_wconf 84' lang='lat' dir='ltr'><strong>labore</strong></span> <span class='ocrx_word' id='word_1_235' title='bbox 1078 2789 1219 2851; x_wconf 87' lang='lat' dir='ltr'><strong>materiae</strong></span> <span class='ocrx_word' id='word_1_236' title='bbox 1243 2787 1284 2852; x_wconf 91' lang='lat' dir='ltr'><strong>ad</strong></span> 
     </span>
     <span class='ocr_line' id='line_1_29' title="bbox 254 2867 1308 2958; baseline 0.005 -25"><span class='ocrx_word' id='word_1_237' title='bbox 254 2867 455 2934; x_wconf 87' lang='lat' dir='ltr'><strong>scribendum</strong></span> <span class='ocrx_word' id='word_1_238' title='bbox 478 2869 636 2934; x_wconf 84' lang='lat' dir='ltr'><strong>destinatae</strong></span> <span class='ocrx_word' id='word_1_239' title='bbox 661 2891 725 2933; x_wconf 89' lang='lat' dir='ltr'><strong>non</strong></span> <span class='ocrx_word' id='word_1_240' title='bbox 749 2871 906 2932; x_wconf 85' lang='lat' dir='ltr'><strong>inveniret</strong></span> <span class='ocrx_word' id='word_1_241' title='bbox 930 2870 1118 2934; x_wconf 83' lang='lat' dir='ltr'><strong>exordium:</strong></span> <span class='ocrx_word' id='word_1_242' title='bbox 1142 2893 1208 2958; x_wconf 91' lang='lat' dir='ltr'><strong>quo</strong></span> <span class='ocrx_word' id='word_1_243' title='bbox 1228 2874 1284 2938; x_wconf 82' lang='lat' dir='ltr'><strong>fibi</strong></span> <span class='ocrx_word' id='word_1_244' title='bbox 1305 2870 1308 2875; x_wconf 66' lang='grc'><strong>’</strong></span> 
     </span>
     <span class='ocr_line' id='line_1_30' title="bbox 254 2953 1284 3043; baseline 0.002 -23"><span class='ocrx_word' id='word_1_245' title='bbox 254 2977 319 3020; x_wconf 90' lang='lat' dir='ltr'><strong>non</strong></span> <span class='ocrx_word' id='word_1_246' title='bbox 333 2955 468 3042; x_wconf 86' lang='lat' dir='ltr'><strong>praesens</strong></span> <span class='ocrx_word' id='word_1_247' title='bbox 483 2969 606 3018; x_wconf 87' lang='lat' dir='ltr'><strong>tantum</strong></span> <span class='ocrx_word' id='word_1_248' title='bbox 623 2954 724 3034; x_wconf 89' lang='lat' dir='ltr'><strong>dolor,</strong></span> <span class='ocrx_word' id='word_1_249' title='bbox 740 2954 793 3018; x_wconf 89' lang='lat' dir='ltr'><strong>sed</strong></span> <span class='ocrx_word' id='word_1_250' title='bbox 814 2955 912 3020; x_wconf 88' lang='lat' dir='ltr'><strong>etiarn</strong></span> <span class='ocrx_word' id='word_1_251' title='bbox 934 2953 1104 3042; x_wconf 85' lang='lat' dir='ltr'><strong>desperatio</strong></span> <span class='ocrx_word' id='word_1_252' title='bbox 1126 2957 1158 3020; x_wconf 89' lang='lat' dir='ltr'><strong>in</strong></span> <span class='ocrx_word' id='word_1_253' title='bbox 1181 2959 1284 3043; x_wconf 87' lang='lat' dir='ltr'><strong>poste-</strong></span> 
     </span>
     <span class='ocr_line' id='line_1_31' title="bbox 255 3038 1284 3132; baseline 0.004 -28"><span class='ocrx_word' id='word_1_254' title='bbox 255 3063 326 3104; x_wconf 89' lang='lat' dir='ltr'><strong>rum</strong></span> <span class='ocrx_word' id='word_1_255' title='bbox 357 3041 456 3104; x_wconf 88' lang='lat' dir='ltr'><strong>sierct.</strong></span> <span class='ocrx_word' id='word_1_256' title='bbox 499 3041 585 3104; x_wconf 82' lang='lat' dir='ltr'><strong>Turn</strong></span> <span class='ocrx_word' id='word_1_257' title='bbox 609 3041 720 3104; x_wconf 88' lang='lat' dir='ltr'><strong>Florus</strong></span> <span class='ocrx_word' id='word_1_258' title='bbox 746 3038 897 3114; x_wconf 86' lang='lat' dir='ltr'><strong>arridens,</strong></span> <span class='ocrx_word' id='word_1_259' title='bbox 921 3039 1002 3104; x_wconf 60' lang='lat' dir='ltr'><strong>ntum</strong></span> <span class='ocrx_word' id='word_1_260' title='bbox 1022 3041 1077 3104; x_wconf 85' lang='lat' dir='ltr'><strong>uid</strong></span> <span class='ocrx_word' id='word_1_261' title='bbox 1098 3053 1143 3124; x_wconf 84' lang='lat' dir='ltr'><strong>tu,</strong></span> <span class='ocrx_word' id='word_1_262' title='bbox 1166 3043 1284 3132; x_wconf 89' lang='lat' dir='ltr'><strong>inquit,</strong></span> 
     </span>
     <span class='ocr_line' id='line_1_32' title="bbox 203 3063 1284 3212; baseline 0.005 -24"><span class='ocrx_word' id='word_1_263' title='bbox 203 3134 241 3204; x_wconf 84' lang='lat'><strong>15</strong></span> <span class='ocrx_word' id='word_1_264' title='bbox 256 3125 359 3190; x_wconf 82' lang='lat' dir='ltr'><strong>melius</strong></span> <span class='ocrx_word' id='word_1_265' title='bbox 381 3127 475 3190; x_wconf 79' lang='lat' dir='ltr'><strong>dicere</strong></span> <span class='ocrx_word' id='word_1_266' title='bbox 500 3125 560 3204; x_wconf 83' lang='lat' dir='ltr'><strong>vis,</strong></span> <span class='ocrx_word' id='word_1_267' title='bbox 575 3149 664 3212; x_wconf 80' lang='lat' dir='ltr'><strong>quam</strong></span> <span class='ocrx_word' id='word_1_268' title='bbox 686 3128 794 3212; x_wconf 77' lang='lat' dir='ltr'><strong>potes?</strong></span> <span class='ocrx_word' id='word_1_269' title='bbox 817 3127 865 3190; x_wconf 89' lang='lat' dir='ltr'><strong>lta</strong></span> <span class='ocrx_word' id='word_1_270' title='bbox 885 3124 915 3188; x_wconf 92' lang='lat' dir='ltr'><strong>se</strong></span> <span class='ocrx_word' id='word_1_271' title='bbox 937 3147 985 3188; x_wconf 90' lang='lat' dir='ltr'><strong>res</strong></span> <span class='ocrx_word' id='word_1_272' title='bbox 1004 3063 1115 3190; x_wconf 79' lang='lat' dir='ltr'><strong>lrabet.</strong></span> <span class='ocrx_word' id='word_1_273' title='bbox 1160 3129 1284 3194; x_wconf 86' lang='lat' dir='ltr'><strong>Curan-</strong></span> 
     </span>
     <span class='ocr_line' id='line_1_33' title="bbox 254 3209 1285 3302; baseline 0.005 -28"><span class='ocrx_word' id='word_1_274' title='bbox 254 3210 332 3274; x_wconf 90' lang='lat' dir='ltr'><strong>dum</strong></span> <span class='ocrx_word' id='word_1_275' title='bbox 348 3213 402 3288; x_wconf 80' lang='lat' dir='ltr'><strong>esi,</strong></span> <span class='ocrx_word' id='word_1_276' title='bbox 419 3225 565 3295; x_wconf 88' lang='lat' dir='ltr'><strong>utquam</strong></span> <span class='ocrx_word' id='word_1_277' title='bbox 580 3232 600 3272; x_wconf 95' lang='lat' dir='ltr'><strong>o</strong></span> <span class='ocrx_word' id='word_1_278' title='bbox 624 3209 703 3274; x_wconf 88' lang='lat' dir='ltr'><strong>time</strong></span> <span class='ocrx_word' id='word_1_279' title='bbox 721 3210 887 3274; x_wconf 85' lang='lat' dir='ltr'><strong>dicamus:</strong></span> <span class='ocrx_word' id='word_1_280' title='bbox 911 3209 1084 3275; x_wconf 88' lang='lat' dir='ltr'><strong>dicendum</strong></span> <span class='ocrx_word' id='word_1_281' title='bbox 1106 3225 1211 3278; x_wconf 87' lang='lat' dir='ltr'><strong>tamen</strong></span> <span class='ocrx_word' id='word_1_282' title='bbox 1227 3237 1285 3302; x_wconf 90' lang='lat' dir='ltr'><strong>pro</strong></span> 
     </span>
     <span class='ocr_line' id='line_1_34' title="bbox 253 3233 1286 3382; baseline 0.006 -24"><span class='ocrx_word' id='word_1_283' title='bbox 253 3293 417 3362; x_wconf 85' lang='lat' dir='ltr'><strong>facultate.</strong></span> <span class='ocrx_word' id='word_1_284' title='bbox 462 3295 516 3360; x_wconf 91' lang='lat' dir='ltr'><strong>Ad</strong></span> <span class='ocrx_word' id='word_1_285' title='bbox 538 3233 737 3382; x_wconf 61' lang='lat' dir='ltr'><strong>presidium?</strong></span> <span class='ocrx_word' id='word_1_286' title='bbox 760 3295 846 3359; x_wconf 90' lang='lat' dir='ltr'><strong>enim</strong></span> <span class='ocrx_word' id='word_1_287' title='bbox 862 3315 941 3381; x_wconf 89' lang='lat' dir='ltr'><strong>opus</strong></span> <span class='ocrx_word' id='word_1_288' title='bbox 957 3296 999 3358; x_wconf 88' lang='lat' dir='ltr'><strong>est</strong></span> <span class='ocrx_word' id='word_1_289' title='bbox 1020 3297 1133 3377; x_wconf 85' lang='lat' dir='ltr'><strong>studio,</strong></span> <span class='ocrx_word' id='word_1_290' title='bbox 1149 3322 1214 3363; x_wconf 92' lang='lat' dir='ltr'><strong>non</strong></span> <span class='ocrx_word' id='word_1_291' title='bbox 1234 3301 1286 3364; x_wconf 92' lang='lat' dir='ltr'><strong>in-</strong></span> 
     </span>
     <span class='ocr_line' id='line_1_35' title="bbox 257 3379 1287 3470; baseline 0.009 -29"><span class='ocrx_word' id='word_1_292' title='bbox 257 3379 289 3442; x_wconf 93' lang='lat' dir='ltr'><strong>di</strong></span> <span class='ocrx_word' id='word_1_293' title='bbox 316 3382 454 3445; x_wconf 89' lang='lat' dir='ltr'><strong>natione.</strong></span> <span class='ocrx_word' id='word_1_294' title='bbox 499 3381 547 3444; x_wconf 94' lang='lat' dir='ltr'><strong>Ut</strong></span> <span class='ocrx_word' id='word_1_295' title='bbox 569 3380 716 3465; x_wconf 88' lang='lat' dir='ltr'><strong>poffirnus</strong></span> <span class='ocrx_word' id='word_1_296' title='bbox 737 3393 843 3444; x_wconf 88' lang='lat' dir='ltr'><strong>autem</strong></span> <span class='ocrx_word' id='word_1_297' title='bbox 865 3379 999 3444; x_wconf 88' lang='lat' dir='ltr'><strong>scribere</strong></span> <span class='ocrx_word' id='word_1_298' title='bbox 1019 3382 1114 3446; x_wconf 88' lang='lat' dir='ltr'><strong>etiam</strong></span> <span class='ocrx_word' id='word_1_299' title='bbox 1138 3385 1240 3470; x_wconf 90' lang='lat' dir='ltr'><strong>plura,</strong></span> <span class='ocrx_word' id='word_1_300' title='bbox 1253 3398 1287 3450; x_wconf 91' lang='lat' dir='ltr'><strong>et</strong></span> 
     </span>
     <span class='ocr_line' id='line_1_36' title="bbox 257 3403 1286 3554; baseline 0.004 -26"><span class='ocrx_word' id='word_1_301' title='bbox 257 3403 403 3546; x_wconf 70' lang='lat' dir='ltr'><strong>celerius,</strong></span> <span class='ocrx_word' id='word_1_302' title='bbox 418 3487 483 3530; x_wconf 90' lang='lat' dir='ltr'><strong>non</strong></span> <span class='ocrx_word' id='word_1_303' title='bbox 498 3465 663 3530; x_wconf 78' lang='lat' dir='ltr'><strong>exercitatio</strong></span> <span class='ocrx_word' id='word_1_304' title='bbox 678 3465 777 3530; x_wconf 91' lang='lat' dir='ltr'><strong>modo</strong></span> <span class='ocrx_word' id='word_1_305' title='bbox 797 3466 964 3552; x_wconf 84' lang='lat' dir='ltr'><strong>praestabit,</strong></span> <span class='ocrx_word' id='word_1_306' title='bbox 982 3465 1014 3528; x_wconf 91' lang='lat' dir='ltr'><strong>in</strong></span> <span class='ocrx_word' id='word_1_307' title='bbox 1030 3489 1093 3554; x_wconf 88' lang='lat' dir='ltr'><strong>qua</strong></span> <span class='ocrx_word' id='word_1_308' title='bbox 1108 3467 1169 3533; x_wconf 88' lang='lat' dir='ltr'><strong>sme</strong></span> <span class='ocrx_word' id='word_1_309' title='bbox 1185 3470 1286 3534; x_wconf 92' lang='lat' dir='ltr'><strong>dubio</strong></span> 
     </span>
     <span class='ocr_line' id='line_1_37' title="bbox 253 3549 1294 3640; baseline 0.005 -26"><span class='ocrx_word' id='word_1_310' title='bbox 253 3551 400 3616; x_wconf 85' lang='lat' dir='ltr'><strong>multum</strong></span> <span class='ocrx_word' id='word_1_311' title='bbox 412 3552 466 3628; x_wconf 87' lang='lat' dir='ltr'><strong>est,</strong></span> <span class='ocrx_word' id='word_1_312' title='bbox 482 3549 536 3614; x_wconf 85' lang='lat' dir='ltr'><strong>sed</strong></span> <span class='ocrx_word' id='word_1_313' title='bbox 550 3549 646 3614; x_wconf 89' lang='lat' dir='ltr'><strong>etiam</strong></span> <span class='ocrx_word' id='word_1_314' title='bbox 668 3551 758 3626; x_wconf 80' lang='lat' dir='ltr'><strong>ratio,</strong></span> <span class='ocrx_word' id='word_1_315' title='bbox 772 3549 792 3614; x_wconf 89' lang='lat' dir='ltr'>fi</span> <span class='ocrx_word' id='word_1_316' title='bbox 808 3573 872 3614; x_wconf 93' lang='lat' dir='ltr'><strong>non</strong></span> <span class='ocrx_word' id='word_1_317' title='bbox 886 3549 1294 3640; x_wconf 60' lang='lat' dir='ltr'><strong>resupini-spectantesque</strong></span> 
     </span>
     <span class='ocr_line' id='line_1_38' title="bbox 251 3635 1285 3722; baseline 0.004 -24"><span class='ocrx_word' id='word_1_318' title='bbox 251 3636 391 3709; x_wconf 66' lang='lat' dir='ltr'><strong>setium,</strong></span> <span class='ocrx_word' id='word_1_319' title='bbox 405 3649 440 3700; x_wconf 87' lang='lat' dir='ltr'><strong>et</strong></span> <span class='ocrx_word' id='word_1_320' title='bbox 460 3635 689 3720; x_wconf 78' lang='lat' dir='ltr'><strong>cogitationem</strong></span> <span class='ocrx_word' id='word_1_321' title='bbox 714 3657 876 3702; x_wconf 86' lang='lat' dir='ltr'><strong>murmure</strong></span> <span class='ocrx_word' id='word_1_322' title='bbox 896 3635 1065 3722; x_wconf 79' lang='lat' dir='ltr'><strong>agitantes,</strong></span> <span class='ocrx_word' id='word_1_323' title='bbox 1087 3637 1285 3722; x_wconf 67' lang='lat' dir='ltr'><strong>exspecan-</strong></span> 
     </span>
     <span class='ocr_line' id='line_1_39' title="bbox 257 3719 1284 3812; baseline 0.003 -28"><span class='ocrx_word' id='word_1_324' title='bbox 257 3719 370 3800; x_wconf 88' lang='lat' dir='ltr'><strong>rimus‚</strong></span> <span class='ocrx_word' id='word_1_325' title='bbox 393 3719 471 3808; x_wconf 90' lang='lat' dir='ltr'><strong>quid</strong></span> <span class='ocrx_word' id='word_1_326' title='bbox 492 3719 653 3800; x_wconf 88' lang='lat' dir='ltr'><strong>obveniat,</strong></span> <span class='ocrx_word' id='word_1_327' title='bbox 668 3719 748 3784; x_wconf 79' lang='lat' dir='ltr'><strong>sedq</strong></span> <span class='ocrx_word' id='word_1_328' title='bbox 770 3720 849 3808; x_wconf 93' lang='lat' dir='ltr'><strong>quid</strong></span> <span class='ocrx_word' id='word_1_329' title='bbox 869 3742 919 3784; x_wconf 89' lang='lat' dir='ltr'><strong>res</strong></span> <span class='ocrx_word' id='word_1_330' title='bbox 940 3720 1059 3806; x_wconf 87' lang='lat' dir='ltr'><strong>poscat,</strong></span> <span class='ocrx_word' id='word_1_331' title='bbox 1081 3721 1159 3809; x_wconf 90' lang='lat' dir='ltr'><strong>quid</strong></span> <span class='ocrx_word' id='word_1_332' title='bbox 1181 3724 1284 3812; x_wconf 86' lang='lat' dir='ltr'><strong>perso-</strong></span> 
     </span>
    </p>
   </div>
   <div class='ocr_carea' id='block_1_3' title="bbox 253 3931 1286 4186">
    <p class='ocr_par' dir='ltr' id='par_1_3' title="bbox 253 3931 1286 4186">
     <span class='ocr_line' id='line_1_40' title="bbox 289 3931 1285 4008; baseline 0.012 -28"><span class='ocrx_word' id='word_1_333' title='bbox 289 3931 301 3964; x_wconf 55' lang='grc' dir='ltr'><em>ἲ</em></span> <span class='ocrx_word' id='word_1_334' title='bbox 315 3935 487 3996; x_wconf 78' lang='lat' dir='ltr'><strong>prohibeamus</strong></span> <span class='ocrx_word' id='word_1_335' title='bbox 495 3933 529 3982; x_wconf 81' lang='lat' dir='ltr'><strong>G.</strong></span> <span class='ocrx_word' id='word_1_336' title='bbox 540 3934 603 3985; x_wconf 72' lang='lat' dir='ltr'><strong>rear.</strong></span> <span class='ocrx_word' id='word_1_337' title='bbox 616 3945 637 3981; x_wconf 77' lang='lat' dir='ltr'><strong>er</strong></span> <span class='ocrx_word' id='word_1_338' title='bbox 643 3934 706 3997; x_wconf 76' lang='lat' dir='ltr'><strong>plur.</strong></span> <span class='ocrx_word' id='word_1_339' title='bbox 813 3943 824 3973; x_wconf 83' lang='lat'>⁸</span> <span class='ocrx_word' id='word_1_340' title='bbox 843 3953 884 3983; x_wconf 78' lang='lat' dir='ltr'><strong>om.</strong></span> <span class='ocrx_word' id='word_1_341' title='bbox 896 3937 927 3985; x_wconf 87' lang='lat' dir='ltr'><strong>G.</strong></span> <span class='ocrx_word' id='word_1_342' title='bbox 939 3937 1061 3987; x_wconf 77' lang='lat' dir='ltr'><strong>efferentes</strong></span> <span class='ocrx_word' id='word_1_343' title='bbox 1070 3938 1136 3989; x_wconf 62' lang='lat' dir='ltr'><strong>rsit.</strong></span> <span class='ocrx_word' id='word_1_344' title='bbox 1146 3950 1168 3986; x_wconf 83' lang='lat' dir='ltr'><strong>er</strong></span> <span class='ocrx_word' id='word_1_345' title='bbox 1173 3941 1236 4004; x_wconf 78' lang='lat' dir='ltr'><strong>plur.</strong></span> <span class='ocrx_word' id='word_1_346' title='bbox 1248 3955 1285 4008; x_wconf 73' lang='lat' dir='ltr'><strong>ap.</strong></span> 
     </span>
     <span class='ocr_line' id='line_1_41' title="bbox 253 4000 1286 4062; baseline 0.001 -14"><span class='ocrx_word' id='word_1_347' title='bbox 253 4001 337 4048; x_wconf 70' lang='lat' dir='ltr'><strong>Bam.</strong></span> <span class='ocrx_word' id='word_1_348' title='bbox 355 4000 469 4061; x_wconf 81' lang='lat' dir='ltr'><strong>Optimum</strong></span> <span class='ocrx_word' id='word_1_349' title='bbox 475 4009 531 4062; x_wconf 80' lang='lat' dir='ltr'><strong>puro</strong></span> <span class='ocrx_word' id='word_1_350' title='bbox 540 4001 663 4048; x_wconf 77' lang='lat' dir='ltr'><strong>efferente·</strong></span> <span class='ocrx_word' id='word_1_351' title='bbox 675 4001 697 4045; x_wconf 86' lang='lat' dir='ltr'><strong>se</strong></span> <span class='ocrx_word' id='word_1_352' title='bbox 707 4013 790 4060; x_wconf 85' lang='lat' dir='ltr'><strong>equos.</strong></span> <span class='ocrx_word' id='word_1_353' title='bbox 864 4002 875 4036; x_wconf 75' lang='lat'><strong>¹¹</strong></span> <span class='ocrx_word' id='word_1_354' title='bbox 893 4002 958 4050; x_wconf 84' lang='lat' dir='ltr'><strong>velut</strong></span> <span class='ocrx_word' id='word_1_355' title='bbox 968 4003 1031 4050; x_wconf 83' lang='lat' dir='ltr'><strong>Jens.</strong></span> <span class='ocrx_word' id='word_1_356' title='bbox 1106 4010 1111 4034; x_wconf 90' lang='lat'>¹</span> <span class='ocrx_word' id='word_1_357' title='bbox 1128 4019 1171 4054; x_wconf 68' lang='lat' dir='ltr'><strong>one.</strong></span> <span class='ocrx_word' id='word_1_358' title='bbox 1183 4009 1214 4056; x_wconf 77' lang='lat' dir='ltr'><strong>c.</strong></span> <span class='ocrx_word' id='word_1_359' title='bbox 1222 4011 1286 4057; x_wconf 72' lang='lat' dir='ltr'><strong>sens,</strong></span> 
     </span>
     <span class='ocr_line' id='line_1_42' title="bbox 258 4063 1285 4135; baseline 0.001 -24"><span class='ocrx_word' id='word_1_360' title='bbox 258 4065 348 4125; x_wconf 73' lang='lat' dir='ltr'><strong>&#39;qued</strong></span> <span class='ocrx_word' id='word_1_361' title='bbox 360 4067 392 4112; x_wconf 89' lang='lat' dir='ltr'><strong>G.</strong></span> <span class='ocrx_word' id='word_1_362' title='bbox 455 4075 473 4098; x_wconf 71' lang='lat'><strong>¹¹²</strong></span> <span class='ocrx_word' id='word_1_363' title='bbox 492 4077 550 4111; x_wconf 85' lang='lat' dir='ltr'><strong>eum</strong></span> <span class='ocrx_word' id='word_1_364' title='bbox 561 4065 593 4110; x_wconf 83' lang='lat' dir='ltr'><strong>G.</strong></span> <span class='ocrx_word' id='word_1_365' title='bbox 658 4065 790 4112; x_wconf 65' lang='lat' dir='ltr'><strong>emesan</strong></span> <span class='ocrx_word' id='word_1_366' title='bbox 801 4065 972 4115; x_wconf 61' lang='lat' dir='ltr'><strong>Giabddens.</strong></span> <span class='ocrx_word' id='word_1_367' title='bbox 1037 4077 1102 4114; x_wconf 66' lang='lat' dir='ltr'><strong>eom.</strong></span> <span class='ocrx_word' id='word_1_368' title='bbox 1115 4069 1145 4118; x_wconf 85' lang='lat' dir='ltr'><strong>G.</strong></span> <span class='ocrx_word' id='word_1_369' title='bbox 1205 4063 1285 4135; x_wconf 51' lang='lat' dir='ltr'><strong>apest,</strong></span> 
     </span>
     <span class='ocr_line' id='line_1_43' title="bbox 256 4128 1223 4186; baseline 0 -10"><span class='ocrx_word' id='word_1_370' title='bbox 256 4129 289 4176; x_wconf 88' lang='lat' dir='ltr'><strong>G.</strong></span> <span class='ocrx_word' id='word_1_371' title='bbox 302 4128 366 4176; x_wconf 79' lang='lat' dir='ltr'><strong>male.</strong></span> <span class='ocrx_word' id='word_1_372' title='bbox 431 4128 623 4177; x_wconf 65' lang='grc' dir='ltr'><strong>9οηι.(ἷ..1εα[.·</strong></span> <span class='ocrx_word' id='word_1_373' title='bbox 1218 4179 1223 4186; x_wconf 70' lang='grc'>,</span> 
     </span>
    </p>
   </div>
   <div class='ocr_carea' id='block_1_4' title="bbox 510 4287 1039 4364">
    <p class='ocr_par' dir='ltr' id='par_1_4' title="bbox 510 4287 1039 4364">
     <span class='ocr_line' id='line_1_44' title="bbox 510 4287 1039 4364; baseline 0.008 -21"><span class='ocrx_word' id='word_1_374' title='bbox 510 4309 554 4346; x_wconf 84' lang='grc' dir='ltr'><strong>ιο.</strong></span> <span class='ocrx_word' id='word_1_375' title='bbox 571 4287 736 4345; x_wconf 70' lang='lat' dir='ltr'><strong>calumniandi</strong></span> <span class='ocrx_word' id='word_1_376' title='bbox 743 4294 787 4364; x_wconf 77' lang='lat' dir='ltr'><strong>fi]</strong></span> <span class='ocrx_word' id='word_1_377' title='bbox 806 4293 867 4346; x_wconf 84' lang='lat' dir='ltr'><strong>Vid.</strong></span> <span class='ocrx_word' id='word_1_378' title='bbox 882 4311 924 4356; x_wconf 82' lang='lat' dir='ltr'><strong>ro,</strong></span> <span class='ocrx_word' id='word_1_379' title='bbox 940 4313 964 4358; x_wconf 89' lang='lat' dir='ltr'><strong>r,</strong></span> <span class='ocrx_word' id='word_1_380' title='bbox 979 4313 1007 4346; x_wconf 84' lang='grc' dir='ltr'><strong>ιι</strong></span> <span class='ocrx_word' id='word_1_381' title='bbox 1014 4312 1039 4362; x_wconf 87' lang='lat'><strong>5.</strong></span> 
     </span>
    </p>
   </div>
   <div class='ocr_carea' id='block_1_5' title="bbox 0 0 1530 4918">
    <p class='ocr_par' dir='ltr' id='par_1_5' title="bbox 0 0 1530 4918">
     <span class='ocr_line' id='line_1_45' title="bbox 0 0 1530 4918; baseline 0 0"><span class='ocrx_word' id='word_1_382' title='bbox 0 0 1530 4918; x_wconf 95' lang='lat' dir='ltr'><strong> </strong></span> 
     </span>
    </p>
   </div>
  </div>
 </body>
</html>
