3014 4918
6 1551 11 1583 i

13 1614 19 1667 i

415 392 585 462 lustru
603 379 807 487 ORATOR,
828 393 912 462 LIB.
929 395 1001 461 ΧΠ.
1026 417 1074 462 ιο.
1200 413 1260 485 331

175 575 217 655 ¹9
230 575 318 645 eunt,
329 563 405 652 pede
412 565 559 650 flandum
581 562 629 650 ps.
672 563 759 629 Nem
776 587 850 645 oum
865 564 899 628 in
921 556 1131 652 propositione
1152 585 1189 630 ac
1209 585 1262 629 re-

230 650 387 716 futatione
411 651 516 716 caussa
539 651 691 728 consistat,
706 673 778 734 quae
802 651 911 714 nostrae
934 650 1030 736 partis
1051 650 1135 730 sunt,
1151 649 1265 737 scripta

230 736 290 800 esse
302 737 450 824 possunt:
474 760 547 823 quae
566 735 663 800 etiam
677 735 894 820 responsurum
910 733 1117 800 adversarium
1140 748 1265 802 certum

230 822 287 900 est,
319 823 375 904 (est
398 822 486 886 enim
512 821 683 907 aliquando
705 821 941 968 certumisspari
966 843 1041 886 cura
1063 819 1265 886 refelluntur.

230 907 286 972 Ad
300 909 362 971 alia
375 928 476 971 unum
492 904 660 992 paratum?
682 905 792 970 afferre
806 927 848 992 po
873 929 979 984 omne,
994 919 1032 970 ut
1052 904 1187 970 caussam
1207 907 1265 972 be·
1349 923 1352 930 ¹

189 994 209 1028 *Χ
231 1014 273 1057 ne
295 993 500 1069 noverimus3
522 991 657 1056 alterum
672 991 717 1055 ibi
731 991 866 1070 sumere,
881 1003 917 1054 ut
939 991 1099 1056 dicentem
1122 992 1266 1056 adversa-

178 1099 219 1149 πο
232 1075 317 1144 rium
330 1077 502 1164 diligenter
517 1077 693 1142 audiamus.
738 1077 830 1142 Licet
845 1089 952 1144 &turen
966 1076 1174 1163 praecogitare
1192 1076 1266 1163 plu·
1308 1126 1310 1135 ι

232 1186 278 1242 ra,
294 1176 328 1228 et
342 1165 483 1228 animum
499 1162 539 1226 ad
554 1183 664 1228 omnes
679 1161 791 1236 casus<¹
807 1183 1017 1247 componere:
1042 1161 1140 1248 idque
1155 1163 1197 1226 est
1212 1177 1266 1227 tu·

232 1249 297 1312 tius
322 1249 401 1328 stilo,
416 1271 481 1336 quo
503 1247 633 1312 facilius'
650 1260 685 1312 et
706 1247 867 1312 omittitur
886 1247 1053 1334 cogitarim
1068 1258 1102 1310 et
1116 1247 1267 1314 transfer-
1353 1315 1355 1322 ,
1410 1237 1414 1246 ’
1464 1231 1466 1246 ’

233 1347 297 1398 tur.
343 1335 407 1400 Sed
431 1335 491 1398 five
513 1333 546 1397 in
570 1333 813 1419 respondendor
834 1331 931 1396 fuerit
956 1333 1059 1396 subito
1081 1330 1267 1412 dicendum,

233 1419 294 1483 sive
307 1443 381 1505 quae
394 1418 458 1484 ,alia
477 1420 523 1483 ita
544 1417 688 1504 exegerit
708 1419 802 1495 ratic,
817 1440 993 1503 numquam
1016 1417 1214 1505 oppressuru’
1236 1418 1269 1482 se

232 1527 270 1569 ac
285 1501 515 1590 deprehensum
531 1503 639 1568 credet
653 1516 770 1584 orator,
787 1504 838 1568 cui
854 1503 1017 1588 disciplina
1031 1517 1063 1568 et
1085 1502 1220 1573 studium
1236 1517 1271 1570 et

180 1611 218 1660 21
233 1591 419 1655 exercitatio
440 1590 565 1654 dederit
586 1589 667 1654 vires
688 1590 785 1654 etiam
807 1589 1009 1654 facilitatistz
1033 1611 1196 1676 quemque
1215 1611 1268 1654 ar-

233 1689 358 1740 matum
373 1677 559 1762 semper,·ac
580 1673 669 1758 velut
689 1675 723 1738 in
739 1675 904 1762 procindiu
921 1675 1062 1754 stantem,
1078 1697 1142 1738 non
1162 1674 1269 1762 magis
1291 1751 1293 1754 ¹

233 1783 387 1847 umquam
409 1761 443 1824 in
469 1761 579 1824 cauffis
603 1759 714 1838 oratio,
728 1782 824 1846 quam
849 1761 882 1824 in
905 1761 1000 1824 rebus
1021 1759 1218 1847 quotidianis
1231 1781 1270 1825 ac

234 1845 412 1910 domesticis
434 1845 536 1908 sermo
561 1843 700 1923 desiciet,
725 1868 785 1909 nec
810 1846 841 1910 se
867 1867 1021 1932 umquam
1050 1859 1178 1931 propter
1206 1845 1270 1911 hoc

235 1931 323 1992 oneri
346 1930 510 1994 subtrahet
525 1954 534 2005 ;
557 1929 655 1992 modo
675 1931 712 1994 fit
730 1931 841 1996 caussae
856 1930 1014 1995 discendae
1032 1943 1172 2018 tempor,
1195 1950 1271 1996 nam

235 2028 340 2078 cetera
354 2013 475 2100 semper
487 2015 577 2078 sciet.

249 2114 252 2118 ’
279 2102 321 2163 X.
347 2101 501 2186 Superest,
527 2112 565 2164 ut
589 2099 694 2164 dicam
717 2101 754 2162 de
777 2123 886 2186 genere
916 2101 1066 2164 orationis.
1111 2101 1177 2166 Hic
1204 2113 1271 2168 erat
1334 2161 1336 2168 ,

234 2185 410 2284 propositus
434 2207 454 2249 a
476 2186 569 2250 uobis
592 2186 625 2249 in
647 2185 797 2252 divisone
818 2186 919 2272 prima
933 2187 1023 2250 iocus
1039 2186 1172 2250 tertius:
1197 2209 1271 2252 nam

234 2282 281 2334 rta
293 2270 508 2356 promiseram,
524 2293 577 2335 me
592 2271 632 2335 de
648 2283 724 2352 arte,
739 2271 779 2336 de
801 2271 927 2357 artifice,
942 2272 983 2335 de
1001 2287 1084 2360 opere
1097 2271 1272 2338 disturum.

234 2356 323 2420 Cum
339 2357 375 2420 srt
394 2369 505 2420 autem
526 2356 700 2421 rhetorices
723 2369 820 2443 atque
834 2357 965 2421 oratoris
981 2379 1062 2444 opus
1077 2358 1181 2434 oratio,
1197 2358 1271 2444 plu·

232 2441 348 2528 resque
369 2441 439 2528 ejus
461 2441 584 2520 sormae,
602 2443 679 2506 ficut
700 2443 886 2520 ostendam
910 2443 942 2506 in
969 2442 1120 2506 omnibus
1144 2443 1217 2506 hisu
1240 2456 1274 2508 et

133 2572 134 2580 η
237 2551 289 2590 ars
304 2529 345 2590 esi
360 2540 394 2590 et
409 2528 471 2590 orti
487 2551 544 2591 ex.-
567 2527 740 2612 plurimum
755 2543 862 2592 tamen
881 2526 1020 2591 invicem
1034 2528 1197 2607 differunt,
1213 2550 1275 2594 nec

237 2611 340 2674 solum
354 2611 469 2698 speeie,
485 2626 522 2675 ut
535 2612 661 2698 fignum
678 2613 777 2698 figno,
792 2625 826 2676 et
840 2611 949 2677 tabula
963 2613 1095 2691 tabulae,
1111 2626 1144 2677 et
1157 2613 1276 2678 astioni

237 2696 345 2774 utti03
368 2698 421 2760 sed
443 2719 560 2783 genere
576 2697 654 2782 ipsu,
668 2711 738 2762 uta
761 2697 884 2761 Graecis
905 2697 1090 2761 Tuscanicae
1105 2699 1225 2779 statuae,
1242 2711 1276 2764 et

206 2781 373 2858 2As1anus
395 2781 549 2868 eloquens
570 2761 694 2846 Atiico.
740 2783 820 2846 Suos
841 2795 949 2846 autem
971 2783 1041 2846 haec
1057 2805 1190 2869 operum
1214 2807 1275 2876 ge-

238 2888 326 2946 uera,
342 2881 416 2965 quae
438 2867 523 2949 dico,
541 2879 577 2931 ut
598 2868 753 2946 auctores,
770 2870 809 2931 fic
831 2866 928 2932 etiam
950 2881 1108 2932 amatores
1129 2869 1275 2934 habent:

238 2966 336 3037 atque
355 2951 430 3015 rdeo
453 2952 595 3015 nondum
618 2954 662 3016 est
683 2952 843 3038 perfectus
864 2965 980 3033 orator,
995 2975 1033 3016 ac
1052 2954 1157 3017 nescio
1172 2977 1212 3018 an
1227 2953 1277 3020 ars

157 3115 158 3118 Ἴ
240 3037 318 3116 ulla,
333 3059 399 3100 non
413 3037 514 3106 solum
528 3038 606 3124 quia
618 3038 707 3102 eliud
722 3038 754 3101 in
769 3038 831 3102 aiio
846 3039 951 3136 magie
971 3039 1104 3116 eminet,
1120 3037 1173 3104 sed
1188 3040 1277 3126 quod

212 3150 214 3158 r
240 3145 307 3186 non
330 3145 394 3186 una
416 3123 568 3187 omnibus
594 3123 698 3188 forma
718 3123 850 3208 placuit,
873 3135 988 3209 partlm
1014 3123 1201 3189 conditione
1227 3125 1277 3190 vel

235 3220 422 3294 'tempomm
451 3207 501 3272 vel
529 3207 686 3288 locorum,
712 3209 827 3294 partim
850 3207 976 3295 judicio
1001 3209 1152 3297 cujusque
1180 3223 1279 3298 atque

207 3293 411 3388 3pr0posrt0.
455 3293 565 3372 Primi,
590 3316 725 3379 quorum
750 3294 881 3381 quidem
908 3315 1004 3380 opera
1027 3318 1091 3359 non
1118 3295 1280 3360 vetustatis

242 3377 340 3442 modo
367 3379 472 3464 gratia
497 3379 624 3445 visenda
652 3379 723 3460 smt,
749 3375 826 3444 clari
853 3377 990 3466 pistores
1015 3378 1104 3452 fuisse
1127 3381 1279 3446 dicuntur

275 3551 474 3610 PpartumJens.
538 3550 804 3614 ucauffasexpon.td.
871 3513 1141 3614 'respondendisJeris
1175 3562 1200 3598 .⁸
1218 3553 1279 3616 pres-

243 3613 297 3662 sum
310 3613 341 3662 G.
351 3615 414 3664 Jens.
479 3615 624 3664 traeutratis
636 3617 667 3664 G.
733 3625 744 3646 ⁰
764 3633 806 3664 ora.
818 3616 849 3664 G.

243 3781 311 3825 mus,
334 3763 493 3832 scriptoribus
517 3763 579 3816 hanc
603 3762 736 3815 formulam
784 3763 908 3814 statuariis
928 3763 1028 3815 Plinius
1048 3764 1120 3816 libris
1140 3783 1173 3830 34
1190 3777 1214 3818 et
1234 3785 1277 3833 35,

244 3833 311 3902 iegi:
332 3834 371 3885 sed
389 3851 427 3884 res
445 3834 496 3902 ipsa
512 3833 545 3884 est
563 3851 587 3884 v.
601 3851 628 3902 g.
649 3835 672 3884 in
686 3834 736 3884 Co·
785 3844 857 3884 etex
877 3833 1054 3884 recentioribus
1074 3836 1117 3886 Fr.
1139 3835 1232 3901 Junius
1253 3839 1278 3888 in

245 3902 344 3954 lumella
367 3922 391 3968 3,
405 3921 449 3962 20,
470 3921 481 3954 r
496 3924 504 3967 3
530 3901 689 3958 Providentis
707 3903 738 3972 est
786 3901 910 3970 Catalogo
924 3903 1047 3954 artificum
1058 3903 1129 3954 libris
1140 3906 1171 3956 de
1183 3906 1279 3974 pidum

245 3971 349 4043 diversa
368 3989 463 4040 genera
485 3975 578 4024 vitium
601 3974 736 4040 deponere.-
788 3971 925 4036 subjuncto,
944 3974 1053 4042 itemque
1071 3975 1164 4025 David.
1177 3977 1277 4028 Duran-

246 4057 320 4110 nrque
331 4043 394 4093 enim
404 4059 511 4110 unquam
521 4041 557 4108 fic
569 4041 634 4092 mitis
644 4051 668 4092 et
678 4051 738 4092 tem·
787 4042 836 4092 dus
857 4041 882 4092 in
902 4043 1004 4093 Gallica
1023 4061 1053 4094 ex
1073 4043 1155 4108 i³iinio
1175 4045 1279 4114 pistum·

237 4120 346 4177 'perotus
364 4113 396 4180 ιγ]
413 4129 503 4172 annus,
521 4121 551 4162 ut
568 4109 631 4163 nullo
650 4109 739 4180 inerms
787 4111 897 4162 historia.
927 4112 1009 4163 Nobis
1032 4127 1100 4162 extra
1119 4113 1184 4166 oleas
1204 4115 1278 4170 Fabii

246 4180 313 4230 modo
324 4191 404 4232 vexet
414 4180 511 4250 aliquod
526 4180 591 4234 vitis
598 4197 676 4250 genus
687 4179 738 4233 διε.
786 4181 873 4250 vagari
891 4191 960 4232 tanto
978 4182 1060 4234 minus
1078 4181 1158 4243 lubet,
1170 4183 1237 4253 quod
1254 4195 1279 4236 et

246 4249 350 4314 Gesner.
380 4297 384 4300 .
404 4287 405 4290 ,
457 4265 458 4271 ¹
787 4251 838 4320 ipse
860 4249 997 4303 excursione
1019 4253 1103 4318 potius
1127 4253 1167 4304 hic
1188 4255 1279 4315 utitur,

282 4322 317 4380 X.
334 4335 357 4384 3,
375 4316 441 4370 clari
455 4318 574 4387 putores]
593 4321 632 4374 De
652 4319 702 4382 his,
715 4328 739 4372 at
787 4336 864 4392 quam
875 4321 902 4373 in
913 4319 1166 4392 suoversatur-opere.
1196 4327 1197 4330 ’
1222 4371 1225 4378 .
