3030 4924
252 388 308 466 198
505 392 551 453 u.
573 387 698 450 marr
720 387 1068 452 curucrrtrnnr

245 563 390 618 trantur:
414 576 487 618 cum
507 565 562 618 et‘fl
583 555 677 620 verba
691 553 883 620 intercidant
896 554 1088 620 invalescant
1111 565 1175 620 ue‘
1190 565 1275 622 tem·

237 639 388 726 poribus,
405 654 442 703 ut
457 663 592 726 quorum
608 640 774 704 certissima
788 641 824 704 fit
845 639 958 728 regula
979 641 1012 704 in
1035 579 1276 724 conluetudine,

246 747 346 809 caque
361 747 424 787 non
441 723 495 789 sua
510 739 620 788 natura
634 726 692 789 sint
706 728 791 788 bona
807 739 862 790 aut
877 725 970 805 maia,
990 731 1076 810 (narn
1094 750 1150 814 per
1164 728 1194 791 sc
1209 727 1277 793 soni

245 823 370 874 tantum
396 812 480 892 sunt)
506 810 559 874 sed
582 824 678 896 prout
700 833 741 896 op
764 826 877 875 ortune
901 811 1090 898 proprieque
1112 826 1167 876 aut
1188 813 1277 877 secus

246 893 401 960 collocata
425 895 518 960 sunt:
552 911 585 959 et
611 917 726 982 compo
738 897 795 958 itio
819 918 894 976 cum
920 898 1014 960 rebus
1036 898 1277 963 accommodata

246 979 281 1044 sit
295 993 319 1057 ³,
336 994 405 1044 tum
428 979 490 1066 ipsa
504 981 654 1044 varietate
674 977 856 1068 gratiffima'.
901 980 1103 1068 Quapropter
1117 983 1276 1066 ,exautffi-

245 1087 300 1128 mo
316 1065 440 1152 judicio
456 1066 539 1130 circa
552 1065 636 1130 hanc
652 1078 773 1154 partem
797 1066 969 1130 studiorum
984 1068 1192 1131 examinanda
1207 1067 1278 1134 sunt
1292 1055 1332 1117 ¹4

245 1152 364 1214 onmia.
410 1152 561 1226 Primum,
577 1175 658 1238 quos
675 1152 859 1215 imitemur:
884 1173 957 1214 nam
974 1150 1045 1214 sulit
1066 1152 1205 1238 plurimi,
1222 1155 1278 1239 qui

246 1235 483 1300 siruiiitudincm
504 1236 622 1322 pessimi
645 1235 795 1324 cujusque
814 1249 848 1299 et
869 1236 1089 1322 corruptissimi
1106 1239 1277 1324 concupie-

244 1320 310 1384 rint
323 1319 347 1385 b.
392 1319 517 1386 Deinde
544 1321 576 1384 in
600 1321 681 1406 ipsis,
703 1344 784 1408 quos
809 1320 1011 1408 elegerimus,
1038 1320 1114 1410 quid
1141 1323 1187 1403 fit,
1214 1323 1277 1388 ade

245 1404 333 1490 quod
357 1406 582 1471 efficiendumd
609 1405 667 1470 n'os
696 1428 927 1491 comparemur.
971 1407 1058 1469 Nam
1088 1409 1120 1469 in
1151 1409 1277 1496 magnis
1313 1409 1319 1416 ⁸

245 1513 375 1576 quoque
390 1491 571 1556 auetoribus
591 1491 738 1556 incidunt
757 1491 863 1576 aliqua
877 1489 997 1569 vitiosa,
1014 1503 1046 1554 et
1067 1513 1086 1553 a
1107 1491 1209 1556 dottis
1225 1491 1275 1557 in'·
1294 1479 1330 1548 ¹5

242 1589 294 1652 ,ter
305 1575 386 1661 ipsos
395 1575 489 1642 etiam
501 1590 614 1642 mutuo
626 1577 824 1663 reprehensa:
841 1589 936 1660 atque
948 1595 1105 1640 urinam
1116 1590 1181 1640 tam
1192 1578 1278 1644 bona

246 1659 408 1726 imitantes
423 1661 564 1725 dicerent
578 1661 706 1739 melius,
721 1685 816 1748 quam
832 1661 915 1726 maia
929 1659 1017 1748 pejus
1033 1661 1143 1724 dicunt
1155 1674 1178 1726 ⁶.
1204 1663 1277 1728 Nec

246 1768 321 1809 vero
336 1745 443 1810 saltem
460 1746 510 1826 iis,
526 1747 642 1832 quibus
665 1747 705 1811 ad
721 1745 869 1810 evitanda
884 1745 961 1810 vitia
975 1745 1089 1830 judicii
1111 1745 1182 1809 satis
1204 1747 1276 1828 suit,

247 1829 378 1895 sufficiat
394 1831 565 1917 imaginem
583 1833 709 1896 virtutis
724 1832 888 1930 effingere,
903 1845 936 1893 et
957 1831 1066 1908 solam,
1080 1845 1118 1894 ut
1132 1831 1171 1895 src
1186 1831 1276 1898 dixe·

247 1913 320 1994 rim,
336 1929 455 1994 cutem,
474 1918 521 1980 vel
565 1918 649 1980 otius
672 1917 742 1982 ilias
763 1917 892 2004 Epicuri
916 1916 1044 2004 figuras,
1060 1939 1137 2003 quas
1158 1917 1276 1982 esum-
1302 1939 1304 1946 ·

247 1999 309 2064 mis
325 2002 508 2087 corporibus
551 2003 607 2066 icit
622 2001 760 2068 effluere.
804 2003 879 2066 Hoc
894 2016 1001 2065 autem
1017 2002 1055 2066 iis
1078 2001 1205 2082 accidit,
1244 2004 1277 2068 ui
1325 2049 1329 2054 -
1383 2019 1385 2024 '

247 2109 311 2150 non
336 2081 532 2173 introspettis
556 2087 684 2173 penitus
709 2087 891 2164 virtutibuS,
912 2086 950 2150 ad
975 2086 1113 2172 primurn
1137 2087 1168 2152 se
1192 2027 1279 2156 velut
1294 2059 1337 2124 ¹5

246 2171 428 2256 adspetlum
443 2172 593 2236 orationis
607 2186 777 2258 aptarunt:
802 2186 923 2236 etcum
945 2171 983 2234 iis
1001 2171 1172 2235 felicissime
1194 2175 1280 2246 cessit

247 2257 397 2334 imitatio,
422 2257 498 2343 qui¹
527 2257 629 2320 verbis
656 2272 752 2344 atquc
780 2255 920 2320 numeris
948 2256 1021 2320 suut
1045 2279 1107 2318 non
1139 2257 1279 2322 multum

248 2341 441 2420 differenteS,
459 2341 523 2404 vim
547 2341 674 2406 dicendi
696 2355 793 2428 atque
814 2341 1005 2406 inventionis
1027 2363 1090 2412 non
1112 2341 1279 2428 assequun-

206 2491 210 2500 ,
247 2439 310 2504 tur,
326 2423 377 2490 sed
393 2427 580 2513 plerumque
599 2426 760 2491 declinant
775 2427 806 2490 in
828 2425 928 2514 pejus,
945 2440 977 2490 et
993 2426 1137 2511 proxima
1152 2427 1279 2492 virtuti·
1317 2485 1324 2496 ,

246 2511 307 2576 bus
328 2513 402 2576 vitia
425 2534 496 2578 corn
522 2511 713 2594 rehendunt‚
728 2511 808 2576 fiunt
832 2534 874 2575 ue
895 2534 950 2598 pro
970 2511 1138 2597 grandibus
1163 2513 1280 2594 tumidi,

243 2596 347 2685 preffls
369 2595 468 2674 exiles,
481 2535 617 2684 scirtibur
633 2597 792 2676 temerarii,
809 2535 888 2662 iuris
904 2597 1041 2684 corrupti,
1058 2598 1212 2684 courpcsitis
1228 2624 1279 2662 cx-

171 2710 173 2718 *
237 2670 403 2767 stillantes,
414 2682 601 2771 fimplicibus
616 2683 808 2770 negligentes.
853 2681 995 2769 Ideoque
1017 2681 1072 2768 qui
1088 2681 1215 2750 horride
1230 2697 1277 2749 at·

249 2791 313 2852 que
335 2767 540 2856 incomposite
562 2769 763 2856 quamlibet&
782 2767 936 2864 frigidum
951 2764 1032 2832 iliud
1048 2779 1081 2832 et
1104 2767 1199 2834 inane
1224 2791 1278 2834 ex·
1295 2759 1332 2826 ¹7
1355 2773 1359 2788 “

283 2963 294 2986 ¹
313 2974 353 3005 om.
366 2958 399 3004 G.
465 2963 475 2987 ²
495 2957 639 3006 invalescant
649 2957 712 3007 lens.
778 2963 787 2986 ¹
806 2974 847 3003 om.
861 2957 891 3004 G.
903 2956 966 3004 iens.
1024 2951 1035 2984 ¹³
1054 2955 1227 3017 concupierunt
1240 2955 1280 3004 sid.

251 3025 262 3049 ⁸
281 3039 321 3067 om.
335 3023 365 3068 G.
377 3021 439 3069 Jcns.
505 3023 514 3050 ⁶
535 3022 603 3068 nobis
615 3021 770 3069 efficiendum
782 3035 863 3084 comp.
876 3023 907 3068 G.
974 3025 985 3051 e
1003 3019 1084 3067 dicant
1096 3021 1160 3068 Jens.
1215 3019 1281 3069 forn.

250 3084 281 3132 G.
293 3086 357 3135 Jcns.
423 3093 433 3122 Ι
451 3085 491 3132 Sic
502 3085 533 3134 G.
545 3095 567 3132 et
577 3083 652 3144 Valla
664 3085 727 3144 siber.
745 3085 862 3148 quidlibet
872 3085 904 3133 as.

288 3264 331 3310 ¹3·
349 3247 434 3298 verba
450 3247 611 3314 intercidant]
638 3251 678 3304 Ex
698 3248 741 3300 illo
791 3247 948 3300 adscribenda
958 3245 1022 3297 sunt.
1297 3279 1301 3292 .

248 3317 342 3376 Horat.
358 3317 394 3368 A.
405 3318 436 3370 P.
450 3321 493 3370 60.
507 3318 543 3386 sq.
826 3317 886 3374 Dico
900 3315 1069 3386 igiturrerum
1079 3313 1171 3384 effigias
1188 3316 1280 3387 tenuefi

289 3387 322 3438 Ut
326 3385 400 3452 stivis
406 3385 473 3456 sosia
481 3396 568 3457 prauos
579 3397 705 3441 mutantur
715 3385 742 3439 in
861 3404 906 3456 que
909 3387 1009 3454 figuras
1102 3431 1105 3440 .

321 3457 405 3516 annor,
827 3455 925 3508 Mitrier
940 3454 973 3508 ab
991 3452 1062 3506 rebus
1071 3455 1166 3526 flammo
1183 3454 1213 3506 dc
1227 3471 1280 3507 cor·

287 3524 510 3577 Primacadunt-
858 3533 1030 3594 pomarum,

288 3593 373 3646 Multa
389 3595 553 3665 renascentur,
566 3611 620 3666 qua
632 3597 687 3666 jam
704 3609 743 3645 ce·
827 3599 892 3666 Qut
901 3593 968 3663 quast
977 3591 1121 3647 membrana
1136 3592 1184 3646 vel
1197 3602 1280 3645 cortex

322 3663 410 3724 cidere,
422 3663 553 3733 cadentque
862 3663 1027 3715 nominitanda
1037 3663 1078 3732 est,

289 3737 354 3802 Qrae
370 3750 433 3784 nunc
443 3733 503 3804 fiunt
520 3733 546 3786 in
562 3731 648 3786 bonore
664 3748 742 3785 vura·
827 3733 901 3803 Qud
907 3733 1010 3811 speciem
1023 3751 1054 3783 ar
1062 3730 1280 3801 firmamſsmilem

323 3801 400 3852 bula..
857 3813 924 3870 gerat
935 3803 986 3869 ejus
997 3801 1087 3870 imago,

291 3887 335 3935 ¹5·
348 3871 397 3922 Nec
405 3867 575 3940 verosalrrm]
590 3869 639 3922 Pro
650 3886 679 3920 ue
690 3867 742 3938 qui.
827 3871 1005 3941 Quiuscunque
1016 3869 1077 3922 cluet
1087 3871 1116 3922 de
1127 3879 1222 3942 corpure
1231 3871 1280 3940 fu

251 3939 356 3998 denunt
370 3942 432 4000 6,2,
447 3958 488 4006 19.
503 3939 740 4003 6,4,15‚ulrivid.
853 3941 888 4010 sa
898 3939 1007 4008 vagari.

293 4027 303 4058 1
310 4026 335 4072 5.
348 4007 405 4058 illas
415 4006 515 4074 Epicuri
519 4007 631 4074 figuras]
646 4009 673 4058 Α
686 4009 742 4075 qui·
829 4011 871 4059 16.
891 4007 1017 4080 cumpositis
1037 4007 1197 4078 exfitltantes]
1227 4011 1280 4062 Ex·

252 4077 302 4126 bus
320 4076 376 4128 sun
390 4077 491 4144 speiira
511 4077 553 4128 ilia
573 4075 691 4135 Cartana,
712 4077 743 4126 de
792 4075 866 4128 cessus
879 4079 963 4145 itaque
975 4079 1107 4130 numerosa
1124 4092 1148 4130 et
1162 4079 1280 4150 compofi·

253 4147 559 4215 quibusad10,1,124.
576 4144 742 4206 Disertissime,
793 4158 823 4197 tae
852 4148 970 4198 orationis
1000 4148 1032 4202 est
1059 4147 1192 4218 exsultans,
1222 4167 1280 4201 crim
1310 4156 1317 4169 '

252 4225 282 4264 ut
294 4213 362 4274 solet,
374 4215 536 4277 Lucretiusq,
545 4217 593 4277 483
606 4214 676 4278 cnjus
690 4231 742 4264 ver·
792 4215 902 4284 rhythmi
913 4217 987 4268 nimir
999 4219 1086 4288 aperti,
1097 4229 1126 4270 ut
1144 4219 1161 4274 it
1174 4219 1205 4272 ad
1217 4235 1280 4290 quoa

253 4283 286 4334 ba
298 4299 355 4335 cunr
367 4283 495 4354 respexerit
510 4293 592 4354 aperte
603 4282 690 4345 noller,
701 4282 742 4338 hie
792 4283 901 4338 saltatur.
916 4287 970 4341 vid.
983 4308 1008 4356 9,
1020 4307 1047 4354 4,
1062 4291 1105 4340 66.
