3026 4930
433 389 605 464 marm.
628 393 835 456 onnron.
857 383 1059 471 nrn.1x.4.
1215 412 1271 472 14³

168 548 215 615 60
226 553 306 644 quid
320 555 486 624 sententiis
500 569 556 622 aut
569 557 785 646 eloquentiaer
801 581 866 623 non
881 557 1023 624 nocebit.
1069 558 1269 646 Praecipuum

226 658 336 708 tamen
351 643 386 707 in
401 643 465 708 hoc
487 665 568 731 opus
582 645 638 726 est,
651 645 730 709 scire
744 645 851 731 quod·
875 667 1006 732 quoque
1021 643 1094 708 loco
1110 647 1266 710 verbum‘

225 729 367 794 maxime
391 729 538 817 quadret.
581 731 695 820 Atque
718 729 746 794 is
768 730 891 816 optimc
913 741 1099 816 componet,
1121 732 1179 818 qui
1202 732 1268 797 hoc

224 813 328 878 solum
352 815 568 902 componendi
594 817 700 904 gratia
723 815 830 880 saciet.
875 815 971 880 Ratio
994 837 1069 880 vero
1092 817 1213 902 pedum
1232 817 1266 882 in

226 899 370 965 oratione
392 901 436 964 est
458 900 575 980 multo,
597 923 693 987 quem
717 901 752 966 in
779 901 881 980 versu,
903 899 1084 966 difficilior:
1113 902 1267 988 primum,

225 985 315 1070 quod
331 986 435 1074 versus
449 987 558 1072 paucis
573 987 768 1065 continetur,
783 987 878 1051 oratio
890 986 1053 1072 longiores
1067 987 1165 1052 habet
1186 987 1268 1076 saepe

226 1071 402 1136 circuitus:
427 1071 556 1151 deinde,
572 1071 661 1160 quod
682 1073 785 1158 versus
807 1071 929 1158 semper
951 1071 1059 1136 similis
1084 1072 1140 1137 fibi
1164 1074 1218 1156 est,
1234 1087 1269 1140 et
1340 1139 1346 1150 ,

227 1177 292 1220 una
306 1157 428 1220 ratione
443 1157 600 1222 decurrit:
617 1157 758 1240 orationis
772 1157 960 1243 compositio
974 1157 1028 1220 nisr
1045 1157 1128 1222 varia
1142 1159 1217 1239 esi',
1234 1172 1269 1225 et

173 1239 212 1303 61
228 1240 364 1306 offendit
374 1254 388 1282 ¹
403 1241 621 1322 smilitudine,
637 1253 671 1307 et
682 1242 906 1308 affetiatione²
919 1241 1179 1330 deprehenditur.
1224 1248 1270 1310 Et

228 1327 263 1390 in
279 1326 368 1392 omni
383 1325 515 1426 quidem
530 1349 673 1415 corpore,
690 1341 824 1416 totoque
849 1337 899 1414 (ut
912 1327 958 1392 ita
976 1328 1124 1410 dixerim)
1149 1329 1265 1412 nediu,

229 1413 372 1477 numeris
387 1413 503 1477 inserta
517 1415 594 1477 est¹.
638 1415 756 1513 Neque
778 1414 865 1478 enim
886 1413 977 1500 loqui
1041 1411 1196 1495 isumusb,
1211 1417 1267 1482 nist

228 1519 248 1562 e
261 1497 392 1586 syllabis
406 1499 608 1564 brevibusne
623 1498 744 1587 longis,
758 1521 799 1564 ex
812 1499 932 1586 quibus
945 1435 1042 1585 pedii
1057 1498 1150 1564 fiunt.
1188 1498 1280 1565 Ma-·'

228 1583 282 1670 gis
297 1597 404 1648 tamen
419 1597 453 1648 et
467 1583 660 1650 denderatur
673 1585 707 1649 in
722 1584 881 1664 clausulis,
898 1597 931 1648 et
945 1595 1092 1670 apparet:
1112 1586 1266 1672 primum,

228 1667 304 1754 quia
317 1669 424 1734 sensns
438 1669 544 1733 omnis
559 1670 657 1734 habet
671 1670 761 1735 sunm
781 1669 890 1749 finem,
906 1670 1101 1756 poffidetque
1122 1673 1268 1738 naturale

229 1753 447 1834 intervallum,
473 1777 539 1842 quo
565 1777 584 1819 a
609 1755 771 1844 sequentis
795 1755 890 1820 initio
918 1755 1102 1821 dividatur:
1135 1757 1265 1838 deinde,

229 1837 320 1926 quod
346 1860 449 1918 aures,
475 1840 661 1906 continuam
687 1861 800 1906 vocem
827 1839 955 1919 secute,
983 1839 1155 1940 duetaeque
1179 1844 1268 1910 velut

229 1946 332 2010 prono
347 1923 544 1990 decurrentis
562 1926 716 1991 orationis
730 1925 874 2006 flumine,
891 1937 963 1990 tum
981 1926 1087 2075 maqis
1120 1927 1276 2009 udicant,

175 2009 217 2076 62
230 2032 305 2074 cum
320 2009 375 2074 ille
398 2009 538 2098 impetus
561 2012 657 2092 stetit,
672 2021 707 2076 et
728 2010 875 2082 intuendi
894 2023 1022 2097 tempus
1065 2033 1083 2074 e
1107 2013 1144 2077 it.
1188 2017 1266 2080 Non

230 2094 331 2182 igitur
344 2095 462 2164 durum
477 2095 514 2162 s1t
527 2118 630 2184 neque
647 2098 831 2184 abruptum,
846 2119 913 2182 qno
934 2095 1034 2160 animi
1056 2096 1147 2161 velut
1167 2099 1266 2186 respi-

229 2193 301 2245 rant
314 2201 352 2246 ac
365 2181 564 2248 reficiuntur.
609 2185 691 2250 Haec
713 2183 756 2248 est
773 2181 862 2246 sedes
880 2180 1044 2259 orationis,
1061 2181 1126 2246 hoc
1139 2184 1269 2249 auditor

229 2266 399 2366 exspedlat,
415 2266 469 2331 hic
489 2268 560 2332 laus
580 2269 687 2334 omnis
708 2267 900 2332 declamat&
946 2267 1152 2331 Proximamd
1174 2269 1265 2335 clau-

230 2352 307 2417 sulrs
320 2351 521 2440 diligentiam
536 2354 694 2440 postulant
708 2354 820 2418 initia:
844 2373 919 2416 nam
934 2352 1021 2432 etad
1037 2351 1107 2420 baec
1125 2353 1269 2422 intentus

173 2435 217 2524 63
231 2437 357 2503 auditor
369 2439 423 2503 est.
468 2439 534 2505 Sed
547 2462 658 2506 eorum
673 2439 797 2504 facilior
812 2438 891 2503 ratio
906 2437 959 2502 est.
1005 2439 1083 2502 Non
1098 2440 1185 2503 enirn
1208 2463 1266 2508 co·

231 2523 356 2588 haerent
378 2523 448 2590 aliis
458 2537 484 2605 ²,
508 2545 568 2590 nec
593 2524 850 2612 praecedentibus
871 2523 1022 2602 serviunt,
1046 2522 1121 2587 sedf
1145 2547 1269 2592 novum

231 2608 398 2674 exordium
419 2610 599 2689 sumunt-⁸3
629 2632 704 2676 cum
729 2609 797 2689 illa,
822 2607 1002 2694 quamlibet
1024 2609 1060 2671 srt
1082 2611 1277 2695 composita,

231 2693 329 2778 ipsam
357 2695 494 2781 gratiam
524 2696 647 2782 perdat,
673 2695 694 2759 fi
722 2695 762 2758 ad
790 2715 861 2757 eam
888 2707 983 2778 rupta
1009 2692 1061 2756 via
1087 2695 1267 2762 veniamus.

231 2779 385 2868 Namque
408 2785 506 2845 cuml
529 2781 577 2863 sit,
593 2793 631 2846 ut
650 2780 788 2860 videtur,
809 2780 912 2844 severa
933 2775 1158 2844 Demosthenis
1174 2803 1266 2847 com-

266 2969 277 2994 '
294 2964 431 3014 elocutione
441 2967 546 3019 elucebit
557 2967 588 3016 G.
719 2972 728 2998 ⁸
747 2966 804 3029 quid
815 2966 879 3014 Jens.
996 2970 1005 3006 t
1023 2965 1151 3014 verborum
1163 2970 1193 3015 G.
1204 2970 1269 3019 Jens.

233 3035 248 3060 ¹¹
266 3047 308 3076 om.
318 3031 350 3080 G.
416 3031 624 3084 ‘offende'tlens
688 3040 702 3068 ²
718 3031 843 3080 affetiiene
854 3031 885 3078 id.
934 3036 1005 3077 *οη
1018 3030 1049 3078 id.
1099 3033 1225 3092 bpossunt
1237 3037 1269 3084 G.

233 3101 245 3126 θ
262 3095 430 3144 declamatoris
441 3098 496 3161 conj.
508 3099 587 3146 Burm.
604 3096 691 3164 quidsi
699 3108 724 3146 et
734 3097 833 3149 clamor.
845 3096 863 3142 i.
874 3113 893 3143 e.
902 3093 1017 3157 plausus?
1081 3095 1093 3126 ⁶
1112 3096 1224 3147 Proxima
1239 3099 1272 3148 G.

234 3163 246 3188 ⁸
265 3161 303 3207 sed
315 3161 416 3221 praeced.
428 3162 459 3210 G.
472 3173 493 3209 er
500 3161 562 3224 plur.
574 3171 611 3224 ap.
623 3163 681 3210 Bur.
746 3159 756 3192 f
773 3161 812 3209 sed
821 3173 913 3208 novum
925 3176 966 3208 om.
978 3159 1010 3207 G.
1071 3165 1082 3196 ⁸
1101 3161 1197 3209 sumant
1209 3178 1269 3213 cum

234 3237 262 3270 ea
278 3225 384 3285 qualibet
402 3225 430 3273 fit
446 3227 514 3274 enirn
530 3227 662 3288 composita
673 3226 722 3288 ipsa
732 3227 807 3286 gratia
823 3223 960 3286 petemus:
976 3225 1007 3272 ad
1018 3239 1046 3272 ea
1057 3235 1127 3285 rupta
1138 3228 1173 3274 vis
1189 3229 1277 3278 venie·

235 3303 290 3338 mus
302 3291 334 3339 G.
398 3292 410 3321 '¹
429 3305 472 3340 cur
483 3291 544 3339 ficut
553 3291 725 3340 Demosthenis
735 3304 791 3338 vera
803 3291 897 3338 videtur
907 3301 990 3357 comp.
1002 3287 1033 3337 G.
1044 3289 1109 3337 lens.

264 3453 308 3514 63.
317 3452 507 3520 precedentibus
505 3452 640 3523 serviunt]
650 3454 727 3506 Hunc
775 3451 808 3504 est
820 3462 902 3503 autern
915 3451 941 3502 in

235 3520 307 3572 nsum
318 3521 399 3581 verbi,
408 3539 460 3588 quo
466 3523 607 3574 relationem
617 3524 727 3591 aliquam
776 3520 942 3590 Ctesiphonte,
954 3468 994 3572 liu
1004 3537 1093 3572 emona
1105 3521 1156 3572 sun.
1170 3523 1271 3577 laudm

235 3591 265 3642 sd
285 3591 408 3659 integrum
424 3592 617 3644 constituendum
636 3591 727 3661 signifi-
775 3590 860 3642 eodem
868 3592 967 3641 nomine
977 3601 1001 3640 et
1009 3589 1124 3660 expendit
1136 3591 1271 3661 Dionysius

236 3673 287 3722 cat,
298 3659 452 3713 declaramus
470 3664 502 3714 ad
522 3663 589 3714 Plin.
607 3680 648 3733 ep.
664 3680 688 3723 1,
702 3679 727 3727 3,
777 3659 863 3712 Hanc.
876 3675 900 3710 c.
912 3676 957 3724 ²5·
971 3677 998 3727 p.
1011 3662 1073 3723 236.
1086 3659 1123 3726 sq.
1144 3653 1220 3712 Alser
1232 3663 1270 3716 lo-

237 3747 263 3782 r.
277 3731 307 3781 it.
324 3747 348 3795 ς,
362 3733 388 3790 6,
400 3749 445 3796 23·
776 3745 823 3781 cos
834 3728 1006 3780 Demosthenis
1022 3727 1055 3779 est
1072 3745 1102 3779 ex
1114 3727 1227 3801 Philipp.
1243 3751 1269 3798 3,

273 3803 316 3864 ⁶3·
326 3816 380 3849 cum
388 3799 442 3862 illa,
450 3800 581 3870 quamlibet
584 3799 631 3870 fit]
646 3801 729 3854 Debe-
777 3817 804 3867 p.
817 3802 862 3861 46,
874 3797 907 3848 B.
924 3793 1040 3863 ‘oryeposc
1051 3801 1093 3859 lyci
1104 3799 1206 3862 ληφθείην
1216 3809 1272 3851 ταῦ.

236 3867 291 3930 bat,
309 3868 324 3920 sr
342 3869 445 3938 obsequi
466 3870 647 3922 Grammaticos
666 3869 730 3938 legi·
777 3885 808 3915 ra
820 3864 917 3933 'pe-'der
933 3867 973 3913 καὶ·
987 3867 1274 3929 κατιηῑναζόμινος,ὗτας

236 3939 285 3990 bus
296 3938 327 3990 de
337 3939 421 3990 relatis
432 3939 671 4010 voluisset‚,plurinnt
682 3956 730 3992 nu·
778 3931 826 3993 3⁹⁰²
837 3934 939 4008 Μλξμίῖ
950 3929 990 4007 ”st
1000 3933 1069 4008 pin·
1079 3932 1152 3996 θᾶλλῇ
1168 3936 1224 3995 mil
1234 3957 1272 3986 ⁷⁰-

237 4026 306 4060 ωηο
325 4010 375 4070 un,
393 4025 448 4060 cum
467 4008 518 4060 illae
535 4008 667 4090 quamam
678 4007 730 4076 fin
778 3999 845 4077 tur,
861 3996 992 4048 Crceroms
1008 4011 1075 4076 ruo!
1092 3995 1212 4080 locust
1227 4021 1274 4071 nro

234 4078 362 4147 most„
384 4079 432 4130 &c
470 4079 583 4150 Respoejt
605 4080 671 4132 enim
697 4077 729 4130 ,d
778 4064 954 4117 Coelroc.26.
967 4065 1272 4134 Archrprratamrnclau-

236 4148 368 4201 clausulas.
674 4159 676 4166 '
776 4134 1274 4216 su¹³P0¹¹stV⁶5142²7stsnumate

274 4222 317 4283 ⁶3·
328 4222 427 4289 severa
443 4216 605 4288 Demosthenis
615 4217 730 4285 compost}
775 4212 893 4272 snam,
905 4202 1046 4284 hWffms
1063 4205 1205 4273 Asfomums
1220 4219 1273 4262 ter·

236 4289 348 4354 Severa,
358 4287 386 4342 id
402 4286 444 4352 est,
455 4287 583 4357 castigata,
595 4299 728 4341 accurata,
778 4274 876 4341 rellrem
893 4272 1088 4344 Archtprraram.
1115 4277 1210 4341 Verba,¹
1225 4297 1278 4332 nnn

975 3451 1081 3520 rineipio
1091 3451 1212 3504 orationis
1224 3472 1272 3524 pro
