3014 4918
35 4029 40 4034 ·
154 4034 212 4066 χ
242 4004 406 4058 aeternitatem

448 383 631 461 'tlt‘s'tr‘u
652 379 958 456 orrannum
974 379 1049 458 'xr'n
1072 414 1100 460 1.
1222 383 1285 482 ³303

196 561 208 576 ⁸
248 551 333 640 we,
351 547 481 650 'aliquid
509 561 542 625 in
569 555 643 641 hac,
669 581 742 646 quae
770 545 915 645 superesi,
943 551 1117 624 aeternitate
1144 559 1279 628 inveniri

193 641 344 734 aepoffe,
359 669 409 726 eo,
449 647 511 710 uod
535 646 643 721 fuerit,
658 645 847 732 persedius?
879 645 1017 709 Transeo
1039 646 1122 725 illos,
1137 648 1194 732 qui
1220 647 1277 712 Ci-

248 731 356 798 ceroni
379 751 415 796 ac
465 731 640 796 emostherri
661 753 701 794 ne
724 731 757 793 in
779 729 960 828 eloquentia
981 730 1110 814 quidem
1132 731 1203 797 satis
1219 729 1275 795 tri-

246 816 374 881 buunt:
398 837 493 903 quarn
518 839 592 881 uam
615 826 718 902 neque
739 817 793 902 ipsr
816 814 963 878 Ciceroni
984 813 1212 880 Demosthenes
1227 815 1276 880 vi·
1361 859 1364 865 -

245 899 359 966 deutur
371 901 443 966 satie
463 841 523 966 cille
542 901 710 988 perscitus,
727 923 822 986 quem
846 901 1003 962 domitare
1024 901 1151 963 interim
1173 901 1275 980 dicit;

244 1005 307 1050 uec
331 985 445 1052 Cicero
468 987 567 1050 Bruto
590 987 764 1070 Caluoque,
781 984 836 1070 qui
857 997 942 1047 certe
962 985 1218 1069 compofitiouem
1239 984 1278 1049 il-

242 1069 310 1134 litia
331 1071 426 1138 etiam
443 1071 527 1156 apud
543 1069 643 1156 ipsum
659 1067 916 1218 reprehendunt3
939 1089 998 1131 nec
1015 1069 1122 1133 Afinio
1136 1071 1275 1158 utrique,

246 1155 303 1301 pul
320 1156 396 1220 vitia
410 1155 560 1220 orationis
575 1155 642 1242 ejus
657 1169 688 1218 et
701 1177 752 1218 am
769 1154 897 1217 inimice
918 1153 1062 1238 pluribus
1079 1154 1111 1217 in
1132 1155 1212 1234 locis
1228 1156 1277 1218 in-
1294 1228 1299 1239 .

190 1249 233 1328 2'3
260 1239 456 1325 equuntur'.
500 1239 723 1306 Concedamus
758 1239 829 1302 sane
867 1237 970 1324 (quod
1004 1237 1136 1302 minime
1164 1247 1276 1304 natura

243 1325 395 1413 patiatur)
424 1331 581 1412 repertum
612 1325 672 1389 effe
699 1325 840 1408 aliquem
868 1323 990 1385 malum
1012 1323 1126 1403 virum,
1151 1323 1274 1390 summe

244 1408 418 1475 disertum:
453 1409 553 1474 nihilo
580 1422 687 1474 tamen
714 1409 820 1471 minus
849 1421 1004 1470 oratorem
1034 1427 1108 1470 eum
1138 1429 1177 1471 ne
1203 1411 1273 1474 abo.

242 1493 334 1558 Nam
350 1517 408 1559 nec
427 1495 588 1574 omnibus,
605 1495 661 1582 qui
683 1493 823 1557 fuerint³
843 1513 940 1554 manu
959 1493 1087 1577 promti,
1104 1491 1162 1556 viri
1179 1431 1274 1558 ionis

242 1599 363 1644 nomen
384 1579 599 1660 concefferim,
615 1580 689 1664 quia
712 1579 775 1641 fine
795 1577 913 1641 virtute
935 1576 1074 1664 intelligi
1096 1599 1158 1640 non
1174 1579 1275 1664 potest

192 1683 234 1748 24
242 1662 410 1730 tortitudo.
455 1664 507 1728 An
530 1663 571 1742 ei,
586 1665 640 1749 qui
662 1663 701 1727 ad
723 1661 935 1726 defendendas
955 1662 1070 1724 caulius
1092 1663 1273 1744 advocatur,

241 1771 310 1812 -uon
323 1751 366 1812 est
379 1769 460 1834 opus
475 1749 548 1825 fide,
562 1765 657 1836 quarn
673 1769 730 1812 nec
749 1745 906 1832 cupiditas
921 1761 1110 1832 corrumpat,
1126 1769 1184 1811 nec
1199 1769 1273 1834 gra-

240 1833 291 1896 tia
310 1845 442 1911 avertat,
456 1855 515 1898 nee
536 1847 641 1898 metus
662 1833 809 1918 frangat?
836 1831 888 1895 sed
910 1831 1114 1916 proditorem,
1137 1832 1274 1896 transfu-

244 1937 333 2004 gam,
369 1918 615 1982 raevaricatorern
639 1917 829 1982 donabimus
848 1916 981 1980 oratoris
996 1916 1051 1979 illo
1065 1917 1149 1980 sacto
1171 1918 1275 1980 nomi-

245 2003 309 2066 ne?
365 1999 682 2068 uodlim‘ediooribus
693 2001 789 2065 etiam
803 2000 942 2086 patronis
953 2001 1100 2065 convenit
1111 2003 1190 2079 haec,
1223 2027 1272 2066 uae

244 2086 343 2174 vulgo
365 2088 494 2166 dicitur,
511 2087 643 2152 bonitas.-
674 2109 732 2152 cur
752 2107 816 2149 uon
838 2098 943 2148 orator
964 2085 1029 2163 ille,
1055 2087 1111 2170 qui
1131 2026 1272 2150 nondum

159 2256 162 2263 Ι
244 2169 319 2253 fuit,
334 2171 388 2238 sed
402 2173 502 2262 potest
516 2171 588 2252 ell'e,
604 2185 669 2237 tam
685 2171 721 2235 fit
735 2170 889 2251 moribus,
904 2193 999 2258 quam
1015 2171 1143 2236 dicendi
1158 2172 1273 2236 virtute

548 2369 560 2404 f
576 2371 670 2434 conseq.
679 2373 744 2422 lent.
808 2377 820 2410 ¹
838 2373 934 2422 suerunt
945 2371 976 2422 G.

281 2568 326 2604 ar.
344 2549 371 2602 in
387 2549 433 2602 hae
448 2549 600 2614 aeternitate]
620 2550 678 2600 Non
689 2549 735 2598 ab·
783 2548 858 2618 periit
868 2548 948 2610 locus,
961 2548 1005 2599 ubi
1016 2547 1047 2600 de
1059 2545 1217 2602 Demosthene
1228 2549 1274 2604 hoc

242 2617 316 2672 'surde
335 2620 370 2672 ita
388 2621 553 2688 argumentari
574 2617 648 2670 licet:
677 2635 735 2668 cum
785 2619 860 2668 verbo
883 2618 940 2668 usus
964 2617 1014 2668 eli?
1044 2618 1210 2680 Arrenius,
1246 2623 1277 2673 ui

244 2689 371 2741 obstrvata
382 2688 426 2741 tint
443 2705 471 2739 ea
484 2691 632 2739 incrementa
644 2689 734 2738 artium
783 2684 802 2736 l.
817 2694 841 2736 e.
859 2685 1007 2738 dormitandi
1022 2687 1098 2737 verbo
1115 2705 1157 2756 per
1168 2638 1273 2750 occailo.

244 2757 386 2812 suceeffione
403 2757 556 2817 seculorum,
568 2770 625 2824 quae
644 2757 735 2825 prredi-
784 2771 839 2806 nem
869 2757 972 2806 Homeri
994 2754 1067 2824 usus¹
1083 2753 1172 2818 fuerat,
1195 2773 1274 2826 eoque

233 2845 298 2885 ‚cere
310 2829 347 2880 vel
356 2828 488 2896 imaginari
496 2843 567 2878 nemo
578 2825 651 2878 facile
662 2827 734 2876 aulus
783 2824 925 2893 complexui
944 2823 1140 2888 Demosthenem,
1157 2829 1274 2880 memoria

243 2895 316 2961 esset3
335 2895 452 2950 credibile
470 2896 513 2956 eli,
530 2893 640 2948 suturam
659 2896 734 2946 etiarn
782 2893 892 2946 labitur?

232 2960 344 3019 'etitem
373 2965 520 3030 adjetiuram
550 2963 644 3032 aliquid
675 2963 733 3027 illis,
819 2982 861 3014 22.
888 2963 964 3014 Bruto
985 2961 1124 3032 Caluoque]
1152 2962 1222 3017 Dial.
1242 2963 1274 3018 de

163 3062 165 3066 .
235 3031 483 3104 '‘qrraesummamrnc
496 3045 623 3103 putantur.
647 3033 734 3102 Qan-
783 3035 868 3084 Oratt.
889 3035 931 3091 18,
949 3029 1036 3100 Legisli
1052 3031 1133 3100 utique
1152 3043 1177 3084 et
1194 3034 1273 3089 Calvi

179 3113 185 3123 '
243 3121 320 3173 quarn
348 3104 426 3156 cau&
455 3103 606 3172 superveniie
629 3116 734 3154 extemae
782 3111 807 3151 et
817 3100 890 3154 Bruti
899 3101 937 3150 ad
950 3099 1087 3158 Ciceronem
1103 3100 1273 3226 mffrsepffl.

232 3175 349 3246 ,polsunu
361 3190 418 3242 qun
429 3174 500 3224 illum
514 3171 581 3240 quast
593 3171 697 3241 gradum
709 3185 734 3224 et
782 3169 829 3232 Ias,
847 3188 881 3222 ex
895 3167 981 3238 quibes
991 3168 1161 3240 facileqtd
1260 3205 1274 3218 .
1305 3171 1309 3180 “

243 3243 393 3316 progressum
411 3241 555 3312 impediant,
566 3254 594 3293 ut
607 3259 631 3293 v.
644 3259 672 3310 g.
691 3257 733 3310 pe-
782 3240 849 3303 dere,
868 3239 976 3292 Calvum
991 3236 1086 3308 quidem
1103 3237 1211 3294 Ciceroni
1226 3241 1272 3294 vi·

184 3373 186 3378 ι
243 3313 318 3364 eierat
330 3332 358 3364 ex
370 3312 444 3364 rebus
460 3310 497 3363 elo
516 3311 615 3374 uentia3
634 3323 658 3361 et
676 3310 734 3362 licet
776 3310 833 3379 fient
844 3307 1158 3380 exsanguemetattritum,
1167 3309 1273 3364 Brutum

161 3419 164 3424 .
244 3381 276 3432 ed
289 3381 320 3432 ali
340 3397 396 3432 uam
407 3379 470 3432 scrib
520 3379 731 3432 liacultaternre-
784 3387 866 3445 autem
893 3377 988 3447 otiosum
1010 3383 1084 3448 atque
1104 3376 1270 3446 annaeum.-

243 3449 314 3502 ditus
322 3399 406 3502 iatius
418 3449 459 3514 fit;
477 3449 566 3510 nescio,
578 3465 609 3500 an
626 3467 664 3510 ea,
675 3466 733 3519 quae
782 3448 923 3521 rurfiemque
943 3445 1077 3524 Cicereium
1093 3461 1110 3496 a
1127 3447 1208 3500 Calvo
1218 3449 1273 3518 qui.

176 3537 181 3548 ·
243 3521 341 3590 proprie
361 3529 468 3572 nocetur
485 3517 625 3587 eloquentia
646 3529 671 3570 et
693 3519 733 3571 tie
782 3516 837 3570 dem
856 3517 918 3568 male
938 3513 1059 3586 audrpffe
1075 3525 1191 3584 emm
1203 3517 1272 3588 seh.

242 3589 393 3650 dicendi,un
412 3605 468 3639 uam
479 3587 562 3640 locum
573 3589 643 3640 suurn
654 3587 732 3657 splen·
783 3594 835 3639 tune
853 3596 877 3638 et
895 3601 1030 3647 enervem
1049 3600 1067 3634 a
1084 3583 1161 3635 Brute
1177 3596 1271 3650 autem,

394 3607 422 3709 dt
441 3669 628 3727 recuperatores
647 3667 733 3709 contra
782 3655 889 3726 utipfias
899 3652 985 3706 vertis
994 3661 1065 3713 utar,
1071 3651 1187 3719 ,statium
1197 3664 1272 3726 atque

241 3659 385 3800 ltlrollllillclie
397 3727 623 3796 mathematicisque
637 3726 734 3807 ertibue
780 3723 905 3804 elumbem.
935 3721 964 3776 ti
981 3731 1023 3804 me
1032 3720 1173 3800 merges,
1190 3739 1270 3777 omnes

224 3846 228 3857 ⁴
242 3796 285 3852 ille
299 3799 391 3868 gradus
402 3795 483 3856 iatius
494 3795 536 3878 est,
548 3809 579 3878 ut
589 3797 733 3880 admiraturi
781 3791 841 3848 mebi
857 3794 944 3872 (Aper
955 3791 1078 3860 loquitur)
1091 3791 1210 3846 videntur
1220 3811 1271 3847 ve.

343 3864 733 4126 030,
781 3860 1086 4000 errantia
1100 3863 1269 3988 nra.

533 4020 595 4075 ²l’l’e

477 4006 516 4055 tus
606 4005 677 4066 1252
695 4021 733 4054 re.
781 3999 826 4064 lio,
848 4017 955 4072 quorum
977 3999 1018 4050 hic
1041 4000 1071 4050 de
1092 4001 1270 4068 conparatione

242 4085 314 4144 cepta
336 4085 390 4126 tum
418 4073 526 4142 entiendi
545 4075 608 4128 inter
629 4072 733 4144 gentiles
776 4070 860 4140 patris
876 4079 901 4122 et
918 4066 1036 4124 Ciceronis
1046 4065 1119 4120 libros
1129 4069 1206 4123 edidit
1218 4071 1268 4124 lec-

242 4151 298 4193 tum
310 4133 425 4212 loquendi
435 4143 528 4197 ratione
538 4141 676 4215 pronaum
687 4137 730 4193 est.
763 4149 766 4154 '
778 4151 820 4191 tos
837 4139 918 4192 Plinio
935 4135 1004 4208 epit.
1017 4155 1043 4202 7,
1054 4153 1083 4201 4,
1095 4153 1123 4200 4,
1135 4153 1159 4192 et
1175 4139 1269 4194 reluta·

267 4210 730 4284 22.Demoflbenes-dormitare]Vid.
779 4219 820 4262 tor
839 4227 854 4260 a
873 4207 981 4260 Claudio
1000 4205 1068 4276 Imp.
1090 4205 1147 4261 teste
1166 4209 1267 4267 Sueten·

242 4295 300 4351 quae
310 4297 439 4354 mouenue
450 4282 482 4335 ad
495 4299 537 4348 ro,
548 4301 572 4349 r,
582 4299 626 4350 ²4·
638 4283 732 4335 Utrum
767 4295 805 4331 e.
816 4295 862 4345 41.
880 4274 1032 4333 aduecti.
1047 4291 1089 4341 17,
1104 4293 1130 4330 r.
