2942 4928
230 903 524 1004 M.FA1311
558 899 1100 1002 QUINCTILIANI
1131 899 1134 920 '

648 1187 698 1233 DE

283 1399 722 1477 INSTITUTIONE
755 1399 1066 1474 ORATORIA

508 1651 646 1712 LIBER
677 1647 850 1710 NONUS.

165 1857 287 1967 CUM
306 1892 343 1958 fit
363 1893 507 1979 proximo
525 1891 610 1960 libro
623 1894 660 1959 de
675 1893 765 1980 tropis
786 1890 921 1971 dierum,
938 1891 1080 1980 sequitur
1088 1892 1191 2042 perti·

166 2001 246 2044 nens
270 1978 311 2042 ad
323 1978 463 2064 figuras,
488 2003 561 2068 quae
587 1979 730 2064 σχήματα
759 1977 872 2043 Graece
900 1991 1064 2057 vocantur,
1100 1999 1192 2054 oeus,

166 2064 231 2150 ipsa
251 2064 297 2128 rei
320 2078 432 2128 natura
453 2064 644 2151 conjune³ms
661 2062 823 2148 superiori.
866 2063 952 2127 Nam
971 2063 1114 2150 plerique
1135 2063 1193 2127 hae

167 2163 263 2236 tropos
283 2148 343 2218 effe
365 2149 591 2229 existimarunt,
606 2147 683 2238 quia
705 2147 765 2213 five
788 2169 828 2212 ex
849 2147 912 2212 hoc
937 2147 1109 2212 duxerint²
1131 2169 1192 2210 no-

165 2257 255 2312 men,
270 2233 357 2320 quod
372 2234 431 2296 fint
449 2233 577 2298 formati
595 2231 735 2321 quodam
749 2233 870 2312 modo;
893 2232 954 2298 five
976 2253 1015 2298 ex
1038 2254 1088 2310 eo,
1104 2231 1194 2320 quod

167 2332 292 2384 vertant
314 2319 502 2399 orationem,
530 2320 616 2384 unde
644 2331 677 2384 et
704 2331 797 2382 motus
824 2317 997 2382 dicuntur:
1030 2316 1194 2382 fatendum

136 2423 157 2471 2
169 2403 240 2481 erit,
255 2403 316 2466 esse
330 2416 501 2491 utrumque
515 2427 625 2470 eorum
640 2403 737 2468 etiam
752 2402 785 2466 in
801 2402 923 2488 figuris.
964 2402 1048 2468 Usus
1062 2423 1194 2490 quoque

168 2490 211 2553 est
232 2488 337 2552 idem:
363 2511 436 2552 nam
457 2501 490 2553 et
511 2489 576 2554 vim
598 2491 690 2555 rebus
714 2487 882 2574 adjiciunt,
897 2500 930 2551 et
953 2489 1089 2574 gratiam
1110 2509 1193 2574 prae-

169 2575 259 2637 stant.
303 2574 377 2636 Nec
390 2573 514 2652 desunt,
530 2575 587 2672 qui
602 2574 699 2660 tropis
711 2572 748 2657 fi
788 2576 856 2634 raeb
879 2593 996 2637 nomen
1015 2572 1195 2658 imponant,

169 2679 307 2745 quorum
330 2659 373 2722 est
390 2658 429 2722 C.
447 2660 616 2724 Artorrusc
637 2659 715 2722 Proc
775 2679 801 2721 s.
846 2656 960 2722 Quind
984 2656 1064 2720 adeo
1085 2655 1194 2721 fimili·

169 2744 249 2807 tudo
272 2741 433 2808 manifesta
453 2744 506 2824 est,
522 2757 560 2808 ut
581 2765 653 2808 eam
673 2742 847 2806 discernere
870 2742 991 2806 nonssrt
1005 2742 1038 2804 in
1053 2755 1195 2828 promtu.

139 2828 268 2920 3Nam‚
282 2847 348 2912 quo
370 2828 468 2894 modo
491 2828 638 2916 quaedam
659 2827 717 2892 in⁶
743 2825 794 2890 his
817 2825 934 2912 species
954 2825 1046 2912 plane
1069 2826 1196 2907 distant,

171 2925 322 2978 manente
337 2924 448 2988 tamen,
464 2913 625 3000 generalif
643 2911 699 2978 illa
716 2910 877 2990 societate,
892 2911 981 2998 quod
994 2925 1127 2998 utraque
1147 2933 1199 2978 ree

137 3041 144 3060 .
169 3012 213 3062 ας
227 2998 313 3062 ruera
327 3009 361 3061 et
375 2997 506 3084 fimplici
520 2999 642 3062 ratione
656 3019 731 3062 cum
744 2996 851 3082 aliqua
864 2995 991 3062 dicendi
1005 2997 1124 3062 virtute
1139 2997 1197 3062 de·

171 3083 328 3148 fieffltur:
351 3082 397 3145 it'a
418 3083 562 3168 quaedum
585 3104 738 3170 perquam
757 3081 846 3146 tenui
867 3081 972 3148 limite
990 3081 1196 3148 dividunturr

167 3168 244 3248 mh,
260 3187 335 3232 cum
358 3167 543 3232 ironiutaur
566 3168 648 3232 inter
668 3167 785 3253 figuras
807 3165 981 3246 sententiae,
996 3190 1092 3253 quam
1114 3167 1200 3234 inter

171 3266 269 3340 tropos
283 3252 476 3337 reperiatur:
500 3252 664 3336 περίφρασιν
681 3264 802 3330 autem,
816 3265 851 3315 et
872 3250 1031 3335 ὑπὲρξατον,
1045 3267 1078 3316 et
1097 3250 1199 3336 ὄνομα·

117 3383 120 3392 .
172 3335 305 3409 τοποιΐαν,
320 3335 374 3400 etl
395 3336 529 3408 ἐπίθετον,
543 3334 619 3400 clari
639 3358 768 3424 quoque
783 3335 925 3401 au&ores
937 3335 1066 3422 figuras
1081 3337 1198 3402 verbo·

139 3443 247 3527 4rum
261 3421 378 3506 potius,
394 3441 491 3506 quam
506 3432 610 3506 tropos,
624 3420 782 3487 dixerunt.
828 3421 904 3486 Quo
925 3421 1029 3507 magis
1049 3421 1200 3510 fignandr

93 3539 98 3549 ·
172 3507 217 3570 est
232 3505 393 3591 utriusque
406 3505 452 3570 rei
467 3505 653 3569 differentia.
697 3507 749 3570 Est
762 3505 862 3592 igitur
877 3517 987 3592 tropus,
993 3507 1092 3592 sermo
1107 3532 1127 3570 a
1141 3530 1200 3569 na·

167 3590 270 3656 ,turali
282 3603 311 3654 et
321 3590 482 3685 principali
485 3589 705 3678 fignificatioue
719 3589 878 3677 translatus
893 3592 937 3658 ad
951 3591 1045 3656 aliam
1058 3592 1202 3656 ornundae

172 3675 314 3742 orationis
333 3689 463 3764 gratia:
495 3675 558 3756 vel,
588 3679 638 3761 (ut
661 3676 803 3764 plerique
833 3675 1046 3746 Grammatici
1066 3675 1198 3758 finiunt)

205 3885 219 3913 ¹
235 3879 338 3928 dixerint
349 3881 381 3929 G.
426 3907 428 3910 ·
458 3881 484 3921 'b
502 3879 632 3942 figurarum
643 3879 675 3928 G.
755 3875 1124 3932 ‘AristarchusJenfierMSS
1137 3877 1201 3941 plur.

174 3952 213 4006 ap.
225 3945 281 3991 Bur.
362 3945 507 4006 dquon'um
518 3946 549 3992 G.
632 3943 849 4005 ‘inspecielenss
935 3941 1099 4006 ‘generaliter
1109 3944 1200 3994 soeaid.

175 4007 289 4057 ‘deid.·
333 4006 355 4045 =¹¹
371 4019 396 4056 et
406 4010 438 4058 id.
502 4007 554 4057 iet
563 4009 662 4058 ἐπίθετον
671 4025 712 4056 orn.
723 4008 754 4056 G.
804 4057 807 4066 ,

210 4169 236 4230 Ι,
251 4189 274 4222 ι.
294 4179 373 4222 motus
382 4169 507 4235 dicuntur]
522 4175 548 4231 8,
562 4187 587 4235 ς.
599 4179 662 4222 extr.

213 4255 237 4306 3.
260 4239 443 4294 ironia-inter
456 4239 506 4313 fig.
521 4239 665 4312 sementia]
683 4238 743 4294 Vid.
755 4255 814 4292 mox
826 4238 845 4292 r.
858 4256 903 4307 ²9·
