3014 4918
422 423 589 490 INSTIT.
608 427 810 490 ORATOR.
832 423 1004 490 Linum.
1025 427 1054 490 6.
1195 447 1258 505 321¹

219 587 269 668 tr,
285 589 423 677 incipere
431 593 501 680 jam
516 594 688 658 serumest.
733 594 842 659 Quare
856 591 997 658 frustum
1013 591 1194 659 llud’ronmr.
1205 591 1253 658 ri·
1270 581 1277 592 ’

217 665 319 740 ridem
335 694 367 740 et
381 679 488 744 adhuc
502 679 628 746 dulcem
644 677 748 766 promi
764 681 868 757 decet,
883 678 961 742 dum
983 691 1016 741 et
1032 679 1124 742 venie
1138 692 1170 742 et
1184 681 1254 764 spes

216 763 272 840 est,
288 776 321 825 et
335 777 463 849 paratus
476 764 576 843 favor,
592 765 646 841 etl
671 765 787 827 andere
806 785 870 828 non
890 763 1024 828 dedecet
1033 789 1042 844 ς
1067 775 1111 844 et,
1125 763 1254 864 siquid

151 911 153 914 .
216 838 295 910 defit
309 849 409 934 operi,
425 848 549 934 supplet
564 863 639 912 aetae
653 873 661 925 3
685 861 730 928 et,
744 849 764 910 fi
788 871 853 934 qua
867 850 940 911 sunt
953 847 1038 913 clieta
1052 849 1252 935 juveniliter,

186 948 275 1016 4pro
291 934 398 998 indole
413 931 634 1020 accipiuntur:
657 946 694 997 ut
709 947 797 998 totus
811 934 866 996 ille
882 933 1046 996 Ciceronis
1061 955 1118 1020 pro
1129 945 1148 976 ¹¹
1169 935 1252 998 Sert-

215 1029 253 1080 to
268 1018 380 1086 Roscio
392 1020 494 1099 luctae,
506 1020 596 1106 ‘Quid
609 1020 684 1082 enim
700 1026 760 1081 tam
777 1035 1038 1106 commune,›qucm
1047 1020 1178 1106 spiritus
1198 1020 1253 1084 vi-

9 1169 11 1186 c
214 1103 276 1181 vic,
299 1115 380 1168 terra
404 1107 642 1184 morticinorum
655 1104 986 1190 flusiuantibut‚·litus
1030 1103 1133 1168 ‘eHirr‘’
1164 1108 1251 1178 One

9 1239 11 1254 r
118 1255 119 1258 ,
214 1208 289 1256 oum
313 1191 365 1254 sex
385 1203 418 1256 et
439 1187 555 1292 viginti
577 1205 670 1254 natus
685 1207 798 1266 annos,
814 1187 946 1252 summis
966 1127 1166 1253 ausientium
1181 1191 1250 1254 cla-
1324 1222 1325 1229 ¹

213 1275 358 1340 moribus
383 1275 510 1357 dixerit,
534 1274 747 1340 deferbuisse¹¹
775 1287 930 1360 tempore,
958 1285 991 1337 et
1015 1274 1105 1350 annis
1130 1273 1251 1360 liquata

206 1355 277 1443 jam
306 1361 409 1424 senior
436 1360 520 1426 idem
551 1355 680 1426 fatetur.
724 1361 766 1423 Et
788 1359 919 1422 hercle⁰
940 1359 1249 1445 quantumlibetse·

213 1457 299 1509 oreta
324 1441 424 1510 studia
445 1446 651 1525 contulerint,
673 1445 716 1510 est
738 1458 845 1508 tamen
868 1445 1011 1530 proprius
1033 1439 1165 1531 quidam
1189 1445 1252 1512 fori

145 1573 155 1591 t
212 1529 384 1614 punctim,
400 1531 462 1597 alia
475 1531 543 1610 lux,
559 1531 620 1595 alia
641 1531 704 1594 veri
725 1527 912 1596 discriminis
933 1529 1049 1609 facies;
1076 1543 1249 1632 reusque,

212 1613 233 1678 fi
256 1617 389 1704 separes,
404 1619 478 1682 usus
501 1619 564 1682 sme
586 1617 742 1694 domina,
756 1639 852 1702 qnam
878 1614 957 1678 citra
979 1614 1068 1679 usum
1093 1615 1248 1697 doolnna,

180 1699 325 1783 5valeat.
371 1703 514 1789 Ideoque
538 1701 686 1766 nonnulli
704 1702 802 1764 senes
827 1701 859 1762 in
888 1700 995 1764 schola
1023 1699 1098 1766 sacti
1124 1701 1251 1789 stupent

190 1862 194 1872 Ι
211 1788 365 1868 novitate,
381 1812 455 1852 cum
472 1789 504 1850 in
523 1787 648 1874 judicia
667 1789 832 1862 venerunt,
848 1797 881 1850 et
895 1786 1003 1849 omnia
1017 1787 1078 1850 suis
1093 1788 1249 1852 exercita·

210 1871 352 1937 tionibus
367 1873 478 1936 limilia
492 1873 678 1938 desiderant.
722 1873 769 1935 At
781 1871 849 1934 illic
864 1883 897 1936 et
913 1869 1016 1957 judex
1030 1884 1126 1953 tacet,
1143 1874 1249 1938 etad-

209 1957 363 2022 versu'riua
387 1959 488 2021 obllre
512 1957 549 2037 it,
574 1970 608 2022 et
632 1956 715 2020 nihil
738 1970 858 2021 temere
879 1956 1000 2021 dietum
1027 1959 1126 2042 perit:
1158 1960 1248 2040 et‚sr

210 2041 290 2125 quid
311 2042 373 2108 tibi
386 2042 459 2130 ⁴ipse
480 1979 595 2123 simas,
610 2042 810 2128 probandum
829 2043 892 2106 est:
916 2055 949 2105 et
968 2041 1143 2106 laboratam
1166 2061 1247 2108 con·

209 2127 392 2214 gestamque
409 2129 533 2192 dierum
554 2151 592 2192 ac
607 2127 750 2191 nollinm
767 2126 868 2190 studio
883 2125 1041 2192 aclionem
1064 2144 1146 2214 aqua
1167 2129 1248 2192 defiz
1350 2150 1353 2158 ’

209 2210 275 2275 cit:
302 2223 346 2292 et,
363 2214 474 2280 omisso
495 2235 615 2302 magna
635 2213 757 2298 semper
778 2213 875 2275 flandi
898 2225 1036 2291 tumore,
1059 2211 1093 2276 in
1116 2212 1247 2299 quibus,

208 2295 282 2360 dam
305 2300 414 2363 canffis
436 2299 633 2386 loquendum
655 2299 709 2377 est,
724 2297 818 2384 qnod,
836 2296 883 2361 illi
904 2297 1011 2361 diserti
1034 2297 1167 2362 minime
1186 2299 1248 2362 sci-

178 2381 285 2446 oum·
325 2387 437 2472 ltaque
459 2384 633 2450 nonnullos
656 2383 830 2470 reperierat,
854 2381 909 2470 qui
932 2381 987 2446 fibi
1009 2382 1248 2470 eloquentiores

207 2467 385 2548 videantur,
402 2493 498 2556 quam
520 2483 557 2534 ut
573 2470 689 2539 caussas
705 2482 813 2554 agant.
859 2469 1010 2532 Ceterum
1027 2467 1130 2546 illum,
1147 2477 1247 2555 quenl

199 2550 367 2636 juvenem,
383 2556 561 2642 tenerisque
576 2555 682 2618 adhuc
698 2554 822 2617 viribus
837 2553 993 2616 nitentem
1010 2552 1043 2614 in
1059 2552 1171 2616 forum*
1185 2554 1245 2618 de·

198 2637 369 2718 duximus,
384 2652 417 2702 et
437 2639 578 2726 incipere
598 2661 732 2724 aquam
751 2636 891 2700 maxime
913 2635 999 2700 facili
1021 2657 1057 2700 ac
1077 2636 1247 2706 favorabili

206 2724 309 2786 cantia
322 2723 523 2803 vetimjurr
539 2723 638 2786 catuli
661 2722 798 2786 ferarum
813 2721 958 2784 molliore
973 2721 1080 2806 praeda
1094 2722 1243 2810 saginan-

205 2820 278 2870 tur:
302 2821 335 2870 et
358 2829 421 2870 non
445 2810 558 2896 utique
580 2811 620 2870 ab
644 2808 707 2870 hoc
729 2807 823 2870 initio
844 2807 1029 2869 continuare
1051 2829 1192 2894 operam,
1208 2823 1244 2874 et

206 2891 359 2978 ingenio¹
384 2893 490 2959 adhuc
511 2892 624 2964 alendo
648 2892 766 2957 callum
790 2891 939 2955 inducere
951 2915 961 2970 ς
984 2891 1038 2955 sed
1055 2891 1124 2980 jam
1140 2894 1242 2957 scieri-

205 2991 284 3058 tem‚
300 2977 379 3066 quid
401 2979 436 3042 fit
452 3001 571 3065 pugna,
588 2978 667 3042 etin
685 2999 780 3064 quam
796 2999 863 3040 rem
880 2977 1069 3041 studendum
1092 2978 1139 3055 fit,
1154 2969 1243 3044 refici

175 3075 300 3148 7atque
317 3065 472 3146 renovari.
519 3064 571 3131 Sic
594 3075 626 3126 et
646 3063 785 3126 tirocinii
807 3074 943 3142 metum,
958 3062 1036 3126 dum
1059 3061 1183 3126 facilius
1198 3065 1242 3128 esi

203 3150 332 3229 audere,
349 3150 511 3228 transierit,
529 3172 588 3212 nec
610 3147 750 3212 audendi
769 3147 957 3211 facilitatem
979 3148 1077 3234 usqne
1096 3147 1136 3212 ad
1159 3167 1239 3212 con-

203 3245 341 3300 temtum
369 3235 473 3321 operis
496 3233 675 3318 adduxerit,
721 3233 804 3297 Usus
827 3234 869 3294 est
895 3244 928 3295 et
950 3231 1011 3318 hac
1037 3232 1159 3296 ratione
1184 3236 1238 3316 M.

201 3319 329 3386 Tullius
342 3346 350 3384 ε
374 3334 496 3386 etcum
509 3320 578 3407 jam
594 3319 715 3382 clarum
732 3316 892 3381 meruisset
906 3316 990 3380 inter
1006 3332 1166 3403 patronoS,
1181 3319 1240 3405 qui

202 3417 388 3485 tumerent,
405 3427 536 3487 nomen,
552 3406 584 3468 in
599 3405 706 3468 Asiam
728 3403 904 3490 navigavit,
919 3403 1013 3489 seque
1032 3416 1066 3467 et
1086 3403 1156 3468 aliie
1176 3405 1241 3470 fine

215 3616 239 3654 ·¹
259 3635 300 3668 om.
312 3619 343 3666 G.
414 3626 432 3650 ¹³
451 3634 493 3666 om.
505 3615 537 3664 G.
608 3627 622 3656 n
639 3615 760 3672 deseruisse
772 3615 805 3666 G.
861 3577 892 3652 ‘⁰
909 3583 1023 3678 equidem
1033 3617 1075 3676 'Gr
1110 3623 1155 3664 ⁴n
1168 3633 1242 3684 “Ph

200 3685 244 3732 sier
256 3682 365 3732 G.Jens.
427 3681 568 3732 actitent.
633 3681 860 3744 singedimum
1090 3703 1092 3710 ·
1170 3729 1173 3736 „

232 3895 260 3942 4.
280 3877 400 3931 Ciceronis
415 3877 491 3942 Iocus]
513 3876 563 3929 Pro
581 3876 606 3928 S.
625 3875 686 3928 Ros.
737 3876 768 3928 de
779 3876 822 3928 suo
834 3876 903 3930 addit
915 3875 1026 3940 Fabius3
1038 3875 1173 3946 eademque
1186 3879 1233 3934 do.

198 3963 222 3998 c.
243 3949 286 4002 26.
317 3951 356 4000 De
378 3948 424 4008 hoc
445 3948 498 4016 ipso
519 3947 573 3998 loco
591 3947 640 4016 ipse
662 3947 687 3998 in
737 3963 791 3998 cere
802 3948 887 4016 potest,
898 3945 992 4014 liquare
1010 3944 1075 3998 vina
1092 3947 1158 4016 apud
1174 3949 1231 4004 Ho.

197 4019 270 4069 Orat.
289 4036 313 4069 c.
329 4037 371 4081 30,
415 4015 498 4068 nantis
513 4015 557 4068 illa
574 4015 688 4068 clamori·
736 4019 829 4068 ratium
840 4017 894 4078 else,
906 4033 975 4076 cum,
986 4015 1038 4085 post
1056 4013 1186 4080 fervorem,
1198 4019 1231 4072 li-

195 4084 240 4139 bus
261 4022 426 4158 adolescent&
445 4085 553 4138 diximus
574 4087 604 4138 de
625 4085 686 4158 sup·
735 4087 843 4156 quidum
856 4087 891 4138 rel
909 4085 957 4138 coli
969 4104 1025 4155 ope,
1037 4085 1076 4140 vel
1092 4083 1230 4144 defunden-

188 4155 262 4223 plicio
280 4154 494 4224 parricidarum?
519 4173 574 4226 quae
593 4173 686 4225 nequa·
734 4157 778 4217 do,
792 4157 914 4210 redditur.
1163 4163 1164 4166 ’

192 4243 267 4294 quam
276 4225 343 4296 satis
354 4225 492 4294 deferbuiffl
499 4227 548 4296 post
559 4225 685 4306 aliquanto
770 4243 797 4289 7.
818 4227 877 4294 Usus
887 4221 1060 4294 esi-Tullius]
1081 4224 1157 4292 Quod
1177 4227 1230 4299 ipse

182 4295 279 4367 sentire
289 4295 413 4362 capimus.
426 4293 494 4347 Illud
505 4294 577 4348 annis
586 4295 684 4366 liquata
732 4308 816 4348 narrat
826 4295 908 4350 Bruto
919 4312 943 4348 c.
956 4312 1001 4364 9¹·

233 4391 324 4450 τοι.Ι
342 4401 389 4450 11.
734 4403 760 4448 r
846 4457 849 4465 Α
