<?xml version="1.0" encoding="UTF-8"?>
<!DOCTYPE html PUBLIC "-//W3C//DTD XHTML 1.0 Transitional//EN"
    "http://www.w3.org/TR/xhtml1/DTD/xhtml1-transitional.dtd">
<html xmlns="http://www.w3.org/1999/xhtml" xml:lang="en" lang="en">
 <head>
  <title>
</title>
<meta http-equiv="Content-Type" content="text/html;charset=utf-8" />
  <meta name='ocr-system' content='tesseract 3.04.00' />
  <meta name='ocr-capabilities' content='ocr_page ocr_carea ocr_par ocr_line ocrx_word'/>
</head>
<body>
  <div class='ocr_page' id='page_1' title='image "./mfabiiquinctili00gesngoog_0145.png"; bbox 0 0 3026 4930; ppageno 0'>
   <div class='ocr_carea' id='block_1_1' title="bbox 465 383 1294 478">
    <p class='ocr_par' dir='ltr' id='par_1_1' title="bbox 465 383 1294 478">
     <span class='ocr_line' id='line_1_1' title="bbox 465 383 1294 478; baseline -0.002 -18"><span class='ocrx_word' id='word_1_1' title='bbox 465 383 639 460; x_wconf 75' lang='lat' dir='ltr'>rusam.</span> <span class='ocrx_word' id='word_1_2' title='bbox 661 392 865 464; x_wconf 71' lang='lat' dir='ltr'>oraton.</span> <span class='ocrx_word' id='word_1_3' title='bbox 886 395 970 456; x_wconf 78' lang='lat' dir='ltr'>nm.</span> <span class='ocrx_word' id='word_1_4' title='bbox 990 393 1044 456; x_wconf 80' lang='lat' dir='ltr'>nt.</span> <span class='ocrx_word' id='word_1_5' title='bbox 1064 415 1095 472; x_wconf 82' lang='lat'>4.</span> <span class='ocrx_word' id='word_1_6' title='bbox 1238 410 1294 478; x_wconf 70' lang='lat'>1³7</span> 
     </span>
    </p>
   </div>
   <div class='ocr_carea' id='block_1_2' title="bbox 246 557 1045 650">
    <p class='ocr_par' dir='ltr' id='par_1_2' title="bbox 246 557 1045 650">
     <span class='ocr_line' id='line_1_2' title="bbox 246 557 1045 650; baseline -0.001 -24"><span class='ocrx_word' id='word_1_7' title='bbox 246 581 254 595; x_wconf 67' lang='lat'>¹·</span> <span class='ocrx_word' id='word_1_8' title='bbox 350 559 579 650; x_wconf 78' lang='lat' dir='ltr'>Ofhrtunatam</span> <span class='ocrx_word' id='word_1_9' title='bbox 593 573 697 626; x_wconf 82' lang='lat' dir='ltr'>natam</span> <span class='ocrx_word' id='word_1_10' title='bbox 712 581 757 624; x_wconf 79' lang='lat' dir='ltr'>me</span> <span class='ocrx_word' id='word_1_11' title='bbox 774 557 895 649; x_wconf 80' lang='lat' dir='ltr'><em>Consule</em></span> <span class='ocrx_word' id='word_1_12' title='bbox 910 559 1045 626; x_wconf 80' lang='lat' dir='ltr'><em>Romam.</em></span> 
     </span>
    </p>
   </div>
   <div class='ocr_carea' id='block_1_3' title="bbox 201 695 1395 1984">
    <p class='ocr_par' dir='ltr' id='par_1_3' title="bbox 201 695 1395 1984">
     <span class='ocr_line' id='line_1_3' title="bbox 207 695 1300 788; baseline 0 -23"><span class='ocrx_word' id='word_1_13' title='bbox 207 715 251 780; x_wconf 84' lang='lat'>42</span> <span class='ocrx_word' id='word_1_14' title='bbox 263 699 370 765; x_wconf 88' lang='lat' dir='ltr'>Etiam</span> <span class='ocrx_word' id='word_1_15' title='bbox 393 697 622 788; x_wconf 86' lang='lat' dir='ltr'>monosyllaba,</span> <span class='ocrx_word' id='word_1_16' title='bbox 637 697 656 762; x_wconf 86' lang='lat' dir='ltr'>fi</span> <span class='ocrx_word' id='word_1_17' title='bbox 673 696 764 786; x_wconf 89' lang='lat' dir='ltr'>plura</span> <span class='ocrx_word' id='word_1_18' title='bbox 779 697 851 764; x_wconf 90' lang='lat' dir='ltr'>sunt</span> <span class='ocrx_word' id='word_1_19' title='bbox 863 710 887 778; x_wconf 74' lang='lat'>²,</span> <span class='ocrx_word' id='word_1_20' title='bbox 902 695 987 763; x_wconf 88' lang='lat' dir='ltr'>maie</span> <span class='ocrx_word' id='word_1_21' title='bbox 1002 696 1300 765; x_wconf 76' lang='lat' dir='ltr'>continuabuntur:</span> 
     </span>
     <span class='ocr_line' id='line_1_4' title="bbox 287 783 1303 872; baseline 0 -22"><span class='ocrx_word' id='word_1_22' title='bbox 287 786 341 850; x_wconf 88' lang='lat' dir='ltr'>uia</span> <span class='ocrx_word' id='word_1_23' title='bbox 362 785 483 850; x_wconf 73' lang='lat' dir='ltr'>necesse</span> <span class='ocrx_word' id='word_1_24' title='bbox 505 786 549 850; x_wconf 89' lang='lat' dir='ltr'>est</span> <span class='ocrx_word' id='word_1_25' title='bbox 571 784 760 872; x_wconf 83' lang='lat' dir='ltr'>compositio</span> <span class='ocrx_word' id='word_1_26' title='bbox 782 783 892 848; x_wconf 90' lang='lat' dir='ltr'>multis</span> <span class='ocrx_word' id='word_1_27' title='bbox 914 783 1061 852; x_wconf 83' lang='lat' dir='ltr'>clausulis</span> <span class='ocrx_word' id='word_1_28' title='bbox 1083 784 1208 849; x_wconf 85' lang='lat' dir='ltr'>concisa</span> <span class='ocrx_word' id='word_1_29' title='bbox 1227 785 1303 850; x_wconf 88' lang='lat' dir='ltr'>sub·</span> 
     </span>
     <span class='ocr_line' id='line_1_5' title="bbox 201 809 1305 958; baseline 0.002 -22"><span class='ocrx_word' id='word_1_30' title='bbox 201 911 205 915; x_wconf 92' lang='lat'>·</span> <span class='ocrx_word' id='word_1_31' title='bbox 264 809 371 936; x_wconf 83' lang='lat' dir='ltr'>iirltet.</span> <span class='ocrx_word' id='word_1_32' title='bbox 417 870 560 958; x_wconf 83' lang='lat' dir='ltr'>Ideoque</span> <span class='ocrx_word' id='word_1_33' title='bbox 583 870 682 936; x_wconf 85' lang='lat' dir='ltr'>etiam</span> <span class='ocrx_word' id='word_1_34' title='bbox 704 868 850 934; x_wconf 84' lang='lat' dir='ltr'>brevium</span> <span class='ocrx_word' id='word_1_35' title='bbox 879 871 1046 936; x_wconf 86' lang='lat' dir='ltr'>verborum</span> <span class='ocrx_word' id='word_1_36' title='bbox 1071 893 1109 936; x_wconf 88' lang='lat' dir='ltr'>ac</span> <span class='ocrx_word' id='word_1_37' title='bbox 1134 869 1305 938; x_wconf 83' lang='lat' dir='ltr'>nominum</span> 
     </span>
     <span class='ocr_line' id='line_1_6' title="bbox 265 953 1305 1042; baseline 0 -22"><span class='ocrx_word' id='word_1_38' title='bbox 265 956 395 1021; x_wconf 87' lang='lat' dir='ltr'>vitanda</span> <span class='ocrx_word' id='word_1_39' title='bbox 409 955 620 1036; x_wconf 69' lang='lat' dir='ltr'>continuatim</span> <span class='ocrx_word' id='word_1_40' title='bbox 636 969 670 1020; x_wconf 89' lang='lat' dir='ltr'>et</span> <span class='ocrx_word' id='word_1_41' title='bbox 692 977 732 1020; x_wconf 86' lang='lat' dir='ltr'>ex</span> <span class='ocrx_word' id='word_1_42' title='bbox 753 953 875 1020; x_wconf 87' lang='lat' dir='ltr'>diverso</span> <span class='ocrx_word' id='word_1_43' title='bbox 894 977 1024 1042; x_wconf 89' lang='lat' dir='ltr'>quoque</span> <span class='ocrx_word' id='word_1_44' title='bbox 1039 955 1233 1042; x_wconf 85' lang='lat' dir='ltr'>longorum:</span> <span class='ocrx_word' id='word_1_45' title='bbox 1256 955 1305 1020; x_wconf 79' lang='lat' dir='ltr'>af-</span> 
     </span>
     <span class='ocr_line' id='line_1_7' title="bbox 266 1038 1306 1128; baseline -0.003 -20"><span class='ocrx_word' id='word_1_46' title='bbox 266 1041 374 1108; x_wconf 78' lang='lat' dir='ltr'>ferunt</span> <span class='ocrx_word' id='word_1_47' title='bbox 396 1041 482 1108; x_wconf 88' lang='lat' dir='ltr'>enim</span> <span class='ocrx_word' id='word_1_48' title='bbox 506 1040 678 1127; x_wconf 88' lang='lat' dir='ltr'>quamdam</span> <span class='ocrx_word' id='word_1_49' title='bbox 704 1039 831 1104; x_wconf 91' lang='lat' dir='ltr'>dicendi</span> <span class='ocrx_word' id='word_1_50' title='bbox 856 1038 1051 1104; x_wconf 84' lang='lat' dir='ltr'><strong>tarditatem.</strong></span> <span class='ocrx_word' id='word_1_51' title='bbox 1097 1041 1158 1104; x_wconf 88' lang='lat' dir='ltr'>illa</span> <span class='ocrx_word' id='word_1_52' title='bbox 1176 1063 1306 1128; x_wconf 88' lang='lat' dir='ltr'>quoque</span> 
     </span>
     <span class='ocr_line' id='line_1_8' title="bbox 267 1124 1395 1212; baseline -0.001 -20"><span class='ocrx_word' id='word_1_53' title='bbox 267 1127 348 1192; x_wconf 86' lang='lat' dir='ltr'>vitia</span> <span class='ocrx_word' id='word_1_54' title='bbox 370 1129 443 1193; x_wconf 89' lang='lat' dir='ltr'>sunt</span> <span class='ocrx_word' id='word_1_55' title='bbox 469 1124 608 1212; x_wconf 86' lang='lat' dir='ltr'>ejusdem</span> <span class='ocrx_word' id='word_1_56' title='bbox 633 1125 711 1204; x_wconf 90' lang='lat' dir='ltr'>loci,</span> <span class='ocrx_word' id='word_1_57' title='bbox 735 1126 755 1190; x_wconf 85' lang='lat' dir='ltr'>sr</span> <span class='ocrx_word' id='word_1_58' title='bbox 779 1124 927 1188; x_wconf 80' lang='lat' dir='ltr'>cadentia</span> <span class='ocrx_word' id='word_1_59' title='bbox 947 1124 1087 1190; x_wconf 77' lang='lat' dir='ltr'>similiter</span> <span class='ocrx_word' id='word_1_60' title='bbox 1109 1139 1143 1190; x_wconf 90' lang='lat' dir='ltr'>et</span> <span class='ocrx_word' id='word_1_61' title='bbox 1163 1125 1305 1192; x_wconf 80' lang='lat' dir='ltr'>similiter</span> <span class='ocrx_word' id='word_1_62' title='bbox 1389 1155 1395 1164; x_wconf 84' lang='grc'><em>·</em></span> 
     </span>
     <span class='ocr_line' id='line_1_9' title="bbox 268 1208 1379 1299; baseline -0.001 -22"><span class='ocrx_word' id='word_1_63' title='bbox 268 1213 452 1292; x_wconf 79' lang='lat' dir='ltr'>desinentia,</span> <span class='ocrx_word' id='word_1_64' title='bbox 469 1226 502 1276; x_wconf 89' lang='lat' dir='ltr'>et</span> <span class='ocrx_word' id='word_1_65' title='bbox 522 1211 637 1278; x_wconf 88' lang='lat' dir='ltr'>eodem</span> <span class='ocrx_word' id='word_1_66' title='bbox 657 1208 755 1276; x_wconf 90' lang='lat' dir='ltr'>modo</span> <span class='ocrx_word' id='word_1_67' title='bbox 776 1209 949 1290; x_wconf 87' lang='lat' dir='ltr'>declinata,</span> <span class='ocrx_word' id='word_1_68' title='bbox 964 1209 1094 1276; x_wconf 85' lang='lat' dir='ltr'>multad</span> <span class='ocrx_word' id='word_1_69' title='bbox 1111 1210 1304 1299; x_wconf 84' lang='lat' dir='ltr'>jungantur.</span> <span class='ocrx_word' id='word_1_70' title='bbox 1373 1271 1379 1282; x_wconf 88' lang='grc'><em>,</em></span> 
     </span>
     <span class='ocr_line' id='line_1_10' title="bbox 213 1295 1306 1384; baseline -0.005 -19"><span class='ocrx_word' id='word_1_71' title='bbox 213 1313 255 1382; x_wconf 84' lang='grc'>43</span> <span class='ocrx_word' id='word_1_72' title='bbox 269 1299 365 1364; x_wconf 78' lang='lat' dir='ltr'>Nece</span> <span class='ocrx_word' id='word_1_73' title='bbox 387 1301 483 1363; x_wconf 88' lang='lat' dir='ltr'>verba</span> <span class='ocrx_word' id='word_1_74' title='bbox 497 1298 627 1384; x_wconf 90' lang='lat' dir='ltr'>quidem</span> <span class='ocrx_word' id='word_1_75' title='bbox 645 1295 761 1376; x_wconf 89' lang='lat' dir='ltr'>verbis,</span> <span class='ocrx_word' id='word_1_76' title='bbox 777 1310 833 1360; x_wconf 83' lang='lat' dir='ltr'>aut</span> <span class='ocrx_word' id='word_1_77' title='bbox 855 1296 986 1360; x_wconf 91' lang='lat' dir='ltr'>nomina</span> <span class='ocrx_word' id='word_1_78' title='bbox 1007 1296 1204 1374; x_wconf 81' lang='lat' dir='ltr'>nominibus,</span> <span class='ocrx_word' id='word_1_79' title='bbox 1220 1298 1306 1362; x_wconf 80' lang='lat' dir='ltr'>simi·</span> 
     </span>
     <span class='ocr_line' id='line_1_11' title="bbox 269 1380 1306 1468; baseline 0 -20"><span class='ocrx_word' id='word_1_80' title='bbox 269 1383 313 1448; x_wconf 89' lang='lat' dir='ltr'>lia</span> <span class='ocrx_word' id='word_1_81' title='bbox 336 1383 399 1450; x_wconf 65' lang='lat' dir='ltr'>nef</span> <span class='ocrx_word' id='word_1_82' title='bbox 422 1383 473 1448; x_wconf 87' lang='lat' dir='ltr'>his</span> <span class='ocrx_word' id='word_1_83' title='bbox 497 1381 677 1464; x_wconf 76' lang='lat' dir='ltr'>continuari</span> <span class='ocrx_word' id='word_1_84' title='bbox 700 1380 814 1446; x_wconf 82' lang='lat' dir='ltr'>decet:</span> <span class='ocrx_word' id='word_1_85' title='bbox 849 1403 923 1446; x_wconf 87' lang='lat' dir='ltr'>cum</span> <span class='ocrx_word' id='word_1_86' title='bbox 950 1381 1085 1447; x_wconf 82' lang='lat' dir='ltr'>virtutes</span> <span class='ocrx_word' id='word_1_87' title='bbox 1110 1381 1207 1446; x_wconf 88' lang='lat' dir='ltr'>etiam</span> <span class='ocrx_word' id='word_1_88' title='bbox 1232 1383 1306 1468; x_wconf 83' lang='lat' dir='ltr'>ipsae</span> 
     </span>
     <span class='ocr_line' id='line_1_12' title="bbox 268 1408 1306 1570; baseline -0.004 -36"><span class='ocrx_word' id='word_1_89' title='bbox 268 1408 403 1534; x_wconf 73' lang='lat' dir='ltr'>tedium</span> <span class='ocrx_word' id='word_1_90' title='bbox 428 1466 585 1570; x_wconf 72' lang='lat' dir='ltr'>patiantss,</span> <span class='ocrx_word' id='word_1_91' title='bbox 609 1467 663 1532; x_wconf 84' lang='lat' dir='ltr'>nifi</span> <span class='ocrx_word' id='word_1_92' title='bbox 686 1467 791 1556; x_wconf 83' lang='lat' dir='ltr'>gratia</span> <span class='ocrx_word' id='word_1_93' title='bbox 816 1466 999 1534; x_wconf 76' lang='lat' dir='ltr'>varietatish</span> <span class='ocrx_word' id='word_1_94' title='bbox 1021 1467 1150 1554; x_wconf 84' lang='lat' dir='ltr'>adjutae.</span> <span class='ocrx_word' id='word_1_95' title='bbox 1194 1468 1306 1534; x_wconf 88' lang='lat' dir='ltr'>Mem-</span> 
     </span>
     <span class='ocr_line' id='line_1_13' title="bbox 269 1551 1305 1640; baseline -0.003 -21"><span class='ocrx_word' id='word_1_96' title='bbox 269 1555 414 1636; x_wconf 89' lang='lat' dir='ltr'>brorum,</span> <span class='ocrx_word' id='word_1_97' title='bbox 429 1551 686 1640; x_wconf 78' lang='lat' dir='ltr'>incisorumquei</span> <span class='ocrx_word' id='word_1_98' title='bbox 702 1551 855 1639; x_wconf 72' lang='lat' dir='ltr'>junctura</span> <span class='ocrx_word' id='word_1_99' title='bbox 869 1575 933 1616; x_wconf 92' lang='lat' dir='ltr'>non</span> <span class='ocrx_word' id='word_1_100' title='bbox 949 1553 1006 1618; x_wconf 88' lang='lat' dir='ltr'>eo¹</span> <span class='ocrx_word' id='word_1_101' title='bbox 1030 1551 1127 1616; x_wconf 90' lang='lat' dir='ltr'>modo</span> <span class='ocrx_word' id='word_1_102' title='bbox 1142 1551 1183 1616; x_wconf 88' lang='lat' dir='ltr'>est</span> <span class='ocrx_word' id='word_1_103' title='bbox 1198 1554 1305 1618; x_wconf 86' lang='lat' dir='ltr'>obser-</span> 
     </span>
     <span class='ocr_line' id='line_1_14' title="bbox 270 1637 1308 1736; baseline 0 -32"><span class='ocrx_word' id='word_1_104' title='bbox 270 1639 384 1720; x_wconf 86' lang='lat' dir='ltr'>vanda,</span> <span class='ocrx_word' id='word_1_105' title='bbox 401 1663 466 1728; x_wconf 91' lang='lat' dir='ltr'>quo</span> <span class='ocrx_word' id='word_1_106' title='bbox 482 1641 664 1718; x_wconf 85' lang='lat' dir='ltr'>verborum,</span> <span class='ocrx_word' id='word_1_107' title='bbox 679 1660 877 1736; x_wconf 87' lang='lat' dir='ltr'>quamquam</span> <span class='ocrx_word' id='word_1_108' title='bbox 895 1651 929 1703; x_wconf 91' lang='lat' dir='ltr'>et</span> <span class='ocrx_word' id='word_1_109' title='bbox 939 1651 957 1676; x_wconf 85' lang='lat'>¹¹¹</span> <span class='ocrx_word' id='word_1_110' title='bbox 980 1637 1019 1702; x_wconf 82' lang='lat' dir='ltr'>in‘</span> <span class='ocrx_word' id='word_1_111' title='bbox 1037 1637 1088 1700; x_wconf 91' lang='lat' dir='ltr'>his</span> <span class='ocrx_word' id='word_1_112' title='bbox 1111 1651 1254 1702; x_wconf 82' lang='lat' dir='ltr'>extrema</span> <span class='ocrx_word' id='word_1_113' title='bbox 1273 1653 1308 1704; x_wconf 89' lang='lat' dir='ltr'>et</span> 
     </span>
     <span class='ocr_line' id='line_1_15' title="bbox 214 1721 1308 1820; baseline -0.001 -31"><span class='ocrx_word' id='word_1_114' title='bbox 214 1743 260 1807; x_wconf 87' lang='lat'>44</span> <span class='ocrx_word' id='word_1_115' title='bbox 271 1725 375 1812; x_wconf 83' lang='lat' dir='ltr'>prima</span> <span class='ocrx_word' id='word_1_116' title='bbox 388 1737 500 1790; x_wconf 81' lang='lat' dir='ltr'>coeunt.</span> <span class='ocrx_word' id='word_1_117' title='bbox 537 1724 601 1789; x_wconf 86' lang='lat' dir='ltr'>Sed</span> <span class='ocrx_word' id='word_1_118' title='bbox 617 1721 789 1809; x_wconf 83' lang='lat' dir='ltr'>plurimum</span> <span class='ocrx_word' id='word_1_119' title='bbox 804 1723 900 1789; x_wconf 80' lang='lat' dir='ltr'>refert</span> <span class='ocrx_word' id='word_1_120' title='bbox 913 1747 973 1790; x_wconf 87' lang='lat' dir='ltr'>com</span> <span class='ocrx_word' id='word_1_121' title='bbox 994 1722 1130 1808; x_wconf 63' lang='lat' dir='ltr'>opilionis,</span> <span class='ocrx_word' id='word_1_122' title='bbox 1147 1745 1219 1820; x_wconf 89' lang='lat' dir='ltr'>qnae</span> <span class='ocrx_word' id='word_1_123' title='bbox 1234 1725 1308 1810; x_wconf 90' lang='lat' dir='ltr'>qui-</span> 
     </span>
     <span class='ocr_line' id='line_1_16' title="bbox 271 1807 1309 1896; baseline -0.001 -21"><span class='ocrx_word' id='word_1_124' title='bbox 271 1813 333 1878; x_wconf 91' lang='lat' dir='ltr'>bus</span> <span class='ocrx_word' id='word_1_125' title='bbox 353 1824 524 1896; x_wconf 84' lang='lat' dir='ltr'>anteponas</span> <span class='ocrx_word' id='word_1_126' title='bbox 537 1821 562 1874; x_wconf 80' lang='lat'>¹¹.</span> <span class='ocrx_word' id='word_1_127' title='bbox 605 1809 691 1872; x_wconf 87' lang='lat' dir='ltr'>Nam</span> <span class='ocrx_word' id='word_1_128' title='bbox 707 1822 752 1890; x_wconf 90' lang='lat' dir='ltr'>et,</span> <span class='ocrx_word' id='word_1_129' title='bbox 766 1832 885 1872; x_wconf 83' lang='lat' dir='ltr'>vomens</span> <span class='ocrx_word' id='word_1_130' title='bbox 898 1809 960 1896; x_wconf 72' lang='lat' dir='ltr'>fau</span> <span class='ocrx_word' id='word_1_131' title='bbox 986 1809 1011 1870; x_wconf 83' lang='lat' dir='ltr'>is</span> <span class='ocrx_word' id='word_1_132' title='bbox 1025 1807 1187 1895; x_wconf 70' lang='lat' dir='ltr'>estulentis,</span> <span class='ocrx_word' id='word_1_133' title='bbox 1203 1810 1309 1874; x_wconf 83' lang='lat' dir='ltr'>vinum</span> 
     </span>
     <span class='ocr_line' id='line_1_17' title="bbox 269 1893 1311 1984; baseline 0.001 -23"><span class='ocrx_word' id='word_1_134' title='bbox 269 1895 479 1978; x_wconf 80' lang='lat' dir='ltr'>redolentibus,</span> <span class='ocrx_word' id='word_1_135' title='bbox 499 1895 647 1984; x_wconf 82' lang='lat' dir='ltr'>gremium</span> <span class='ocrx_word' id='word_1_136' title='bbox 660 1895 753 1982; x_wconf 85' lang='lat' dir='ltr'>suum</span> <span class='ocrx_word' id='word_1_137' title='bbox 777 1907 805 1960; x_wconf 79' lang='lat' dir='ltr'>cl</span> <span class='ocrx_word' id='word_1_138' title='bbox 826 1906 917 1958; x_wconf 85' lang='lat' dir='ltr'>totum</span> <span class='ocrx_word' id='word_1_139' title='bbox 937 1893 1073 1958; x_wconf 83' lang='lat' dir='ltr'>tribunal</span> <span class='ocrx_word' id='word_1_140' title='bbox 1097 1893 1254 1980; x_wconf 80' lang='lat' dir='ltr'>implevit.-</span> <span class='ocrx_word' id='word_1_141' title='bbox 1276 1910 1311 1966; x_wconf 84' lang='lat' dir='ltr'>et</span> 
     </span>
    </p>
   </div>
   <div class='ocr_carea' id='block_1_4' title="bbox 195 2108 1310 2308">
    <p class='ocr_par' dir='ltr' id='par_1_4' title="bbox 195 2108 1310 2308">
     <span class='ocr_line' id='line_1_18' title="bbox 305 2108 1310 2180; baseline -0.002 -20"><span class='ocrx_word' id='word_1_142' title='bbox 305 2117 318 2144; x_wconf 74' lang='lat'>‘</span> <span class='ocrx_word' id='word_1_143' title='bbox 337 2129 378 2160; x_wconf 76' lang='lat' dir='ltr'>m.</span> <span class='ocrx_word' id='word_1_144' title='bbox 389 2113 423 2160; x_wconf 86' lang='lat' dir='ltr'>G.</span> <span class='ocrx_word' id='word_1_145' title='bbox 486 2112 559 2161; x_wconf 58' lang='lat' dir='ltr'>dm.</span> <span class='ocrx_word' id='word_1_146' title='bbox 571 2113 601 2161; x_wconf 88' lang='lat' dir='ltr'>G.</span> <span class='ocrx_word' id='word_1_147' title='bbox 666 2112 735 2160; x_wconf 70' lang='lat' dir='ltr'>eNe</span> <span class='ocrx_word' id='word_1_148' title='bbox 746 2111 778 2161; x_wconf 85' lang='lat' dir='ltr'>G.</span> <span class='ocrx_word' id='word_1_149' title='bbox 789 2112 853 2162; x_wconf 81' lang='lat' dir='ltr'>rent</span> <span class='ocrx_word' id='word_1_150' title='bbox 918 2108 1031 2160; x_wconf 72' lang='lat' dir='ltr'>&#39;iimiiia</span> <span class='ocrx_word' id='word_1_151' title='bbox 1042 2125 1139 2175; x_wconf 85' lang='lat' dir='ltr'>quoqne</span> <span class='ocrx_word' id='word_1_152' title='bbox 1150 2113 1181 2162; x_wconf 89' lang='lat' dir='ltr'>G.</span> <span class='ocrx_word' id='word_1_153' title='bbox 1237 2123 1310 2180; x_wconf 70' lang='lat' dir='ltr'>apa.</span> 
     </span>
     <span class='ocr_line' id='line_1_19' title="bbox 274 2175 1308 2240; baseline 0 -16"><span class='ocrx_word' id='word_1_154' title='bbox 274 2177 365 2226; x_wconf 82' lang='lat' dir='ltr'>tiantur</span> <span class='ocrx_word' id='word_1_155' title='bbox 376 2179 407 2224; x_wconf 90' lang='lat' dir='ltr'>G.</span> <span class='ocrx_word' id='word_1_156' title='bbox 417 2178 482 2227; x_wconf 78' lang='lat' dir='ltr'>lens.</span> <span class='ocrx_word' id='word_1_157' title='bbox 558 2175 767 2226; x_wconf 70' lang='lat' dir='ltr'>iveritatislens.</span> <span class='ocrx_word' id='word_1_158' title='bbox 843 2176 1030 2240; x_wconf 69' lang='lat' dir='ltr'>ivitiorumque</span> <span class='ocrx_word' id='word_1_159' title='bbox 1042 2178 1074 2228; x_wconf 80' lang='lat' dir='ltr'>id.</span> <span class='ocrx_word' id='word_1_160' title='bbox 1154 2181 1265 2233; x_wconf 75' lang='lat' dir='ltr'>¹eodem</span> <span class='ocrx_word' id='word_1_161' title='bbox 1276 2176 1308 2232; x_wconf 73' lang='lat'>¹0,</span> 
     </span>
     <span class='ocr_line' id='line_1_20' title="bbox 195 2241 764 2308; baseline 0.009 -22"><span class='ocrx_word' id='word_1_162' title='bbox 195 2277 199 2286; x_wconf 92' lang='lat'><strong>.</strong></span> <span class='ocrx_word' id='word_1_163' title='bbox 275 2241 474 2292; x_wconf 70' lang='lat' dir='ltr'>m0111.G.Jeni.</span> <span class='ocrx_word' id='word_1_164' title='bbox 539 2259 554 2288; x_wconf 87' lang='lat' dir='ltr'>n</span> <span class='ocrx_word' id='word_1_165' title='bbox 570 2255 718 2308; x_wconf 80' lang='lat' dir='ltr'>anteponam</span> <span class='ocrx_word' id='word_1_166' title='bbox 732 2245 764 2291; x_wconf 90' lang='lat' dir='ltr'>G.</span> 
     </span>
    </p>
   </div>
   <div class='ocr_carea' id='block_1_5' title="bbox 253 2419 1426 4375">
    <p class='ocr_par' dir='ltr' id='par_1_5' title="bbox 269 2419 1332 3327">
     <span class='ocr_line' id='line_1_21' title="bbox 310 2419 1311 2494; baseline 0.008 -24"><span class='ocrx_word' id='word_1_167' title='bbox 310 2438 357 2484; x_wconf 82' lang='lat'>42.</span> <span class='ocrx_word' id='word_1_168' title='bbox 374 2419 545 2492; x_wconf 70' lang='lat' dir='ltr'>monosyllaba]</span> <span class='ocrx_word' id='word_1_169' title='bbox 560 2419 767 2474; x_wconf 77' lang='lat' dir='ltr'>Observatiohaec</span> <span class='ocrx_word' id='word_1_170' title='bbox 807 2419 876 2491; x_wconf 78' lang='lat' dir='ltr'>flia.</span> <span class='ocrx_word' id='word_1_171' title='bbox 902 2421 1029 2474; x_wconf 87' lang='lat' dir='ltr'>Nimirum</span> <span class='ocrx_word' id='word_1_172' title='bbox 1048 2421 1138 2474; x_wconf 86' lang='lat' dir='ltr'>Cicero</span> <span class='ocrx_word' id='word_1_173' title='bbox 1156 2423 1311 2494; x_wconf 88' lang='lat' dir='ltr'>compoiitio-</span> 
     </span>
     <span class='ocr_line' id='line_1_22' title="bbox 275 2490 1311 2562; baseline 0.006 -20"><span class='ocrx_word' id='word_1_174' title='bbox 275 2491 375 2543; x_wconf 80' lang='lat' dir='ltr'>Latinae</span> <span class='ocrx_word' id='word_1_175' title='bbox 395 2503 418 2542; x_wconf 86' lang='lat' dir='ltr'>et</span> <span class='ocrx_word' id='word_1_176' title='bbox 437 2493 535 2544; x_wconf 77' lang='lat' dir='ltr'>Graecae</span> <span class='ocrx_word' id='word_1_177' title='bbox 551 2490 645 2560; x_wconf 78' lang='lat' dir='ltr'>lingua·</span> <span class='ocrx_word' id='word_1_178' title='bbox 657 2493 768 2562; x_wconf 88' lang='lat' dir='ltr'>propria,</span> <span class='ocrx_word' id='word_1_179' title='bbox 816 2494 856 2543; x_wconf 84' lang='lat' dir='ltr'>nis</span> <span class='ocrx_word' id='word_1_180' title='bbox 881 2491 995 2542; x_wconf 79' lang='lat' dir='ltr'>decorem</span> <span class='ocrx_word' id='word_1_181' title='bbox 1021 2493 1166 2544; x_wconf 84' lang='lat' dir='ltr'>mnehabuit</span> <span class='ocrx_word' id='word_1_182' title='bbox 1188 2511 1252 2546; x_wconf 84' lang='lat' dir='ltr'>verae</span> <span class='ocrx_word' id='word_1_183' title='bbox 1270 2514 1311 2548; x_wconf 91' lang='lat' dir='ltr'>ra·</span> 
     </span>
     <span class='ocr_line' id='line_1_23' title="bbox 275 2559 1311 2630; baseline 0.004 -18"><span class='ocrx_word' id='word_1_184' title='bbox 275 2561 339 2614; x_wconf 83' lang='lat' dir='ltr'>niele</span> <span class='ocrx_word' id='word_1_185' title='bbox 351 2563 383 2614; x_wconf 87' lang='lat' dir='ltr'>ad</span> <span class='ocrx_word' id='word_1_186' title='bbox 394 2561 454 2613; x_wconf 85' lang='lat' dir='ltr'>alias</span> <span class='ocrx_word' id='word_1_187' title='bbox 465 2561 607 2613; x_wconf 85' lang='lat' dir='ltr'>extenditur</span> <span class='ocrx_word' id='word_1_188' title='bbox 618 2563 649 2612; x_wconf 88' lang='lat' dir='ltr'>ab</span> <span class='ocrx_word' id='word_1_189' title='bbox 663 2561 696 2612; x_wconf 85' lang='lat' dir='ltr'>Is.</span> <span class='ocrx_word' id='word_1_190' title='bbox 707 2561 768 2612; x_wconf 91' lang='lat' dir='ltr'>Vos·</span> <span class='ocrx_word' id='word_1_191' title='bbox 817 2561 890 2621; x_wconf 91' lang='lat' dir='ltr'>tioni,</span> <span class='ocrx_word' id='word_1_192' title='bbox 903 2578 960 2629; x_wconf 85' lang='lat' dir='ltr'>quae</span> <span class='ocrx_word' id='word_1_193' title='bbox 972 2559 1027 2612; x_wconf 87' lang='lat' dir='ltr'>vult</span> <span class='ocrx_word' id='word_1_194' title='bbox 1039 2561 1064 2612; x_wconf 92' lang='lat' dir='ltr'>id</span> <span class='ocrx_word' id='word_1_195' title='bbox 1083 2563 1149 2628; x_wconf 90' lang='lat' dir='ltr'>quod</span> <span class='ocrx_word' id='word_1_196' title='bbox 1164 2564 1266 2630; x_wconf 84' lang='lat' dir='ltr'>gravius</span> <span class='ocrx_word' id='word_1_197' title='bbox 1278 2565 1311 2620; x_wconf 82' lang='lat' dir='ltr'>est</span> 
     </span>
     <span class='ocr_line' id='line_1_24' title="bbox 275 2631 1310 2700; baseline 0.001 -16"><span class='ocrx_word' id='word_1_198' title='bbox 275 2631 309 2684; x_wconf 82' lang='lat' dir='ltr'>sio</span> <span class='ocrx_word' id='word_1_199' title='bbox 331 2631 362 2682; x_wconf 87' lang='lat' dir='ltr'>de</span> <span class='ocrx_word' id='word_1_200' title='bbox 384 2633 481 2684; x_wconf 79' lang='lat' dir='ltr'>viribus</span> <span class='ocrx_word' id='word_1_201' title='bbox 504 2631 616 2699; x_wconf 88' lang='lat' dir='ltr'>rhythmi</span> <span class='ocrx_word' id='word_1_202' title='bbox 639 2641 664 2682; x_wconf 86' lang='lat' dir='ltr'>et</span> <span class='ocrx_word' id='word_1_203' title='bbox 693 2643 769 2682; x_wconf 87' lang='lat' dir='ltr'>cantu</span> <span class='ocrx_word' id='word_1_204' title='bbox 818 2631 939 2700; x_wconf 83' lang='lat' dir='ltr'>postponi.</span> <span class='ocrx_word' id='word_1_205' title='bbox 967 2631 1039 2682; x_wconf 86' lang='lat' dir='ltr'>Hanc</span> <span class='ocrx_word' id='word_1_206' title='bbox 1057 2632 1131 2683; x_wconf 84' lang='lat' dir='ltr'>Fabii</span> <span class='ocrx_word' id='word_1_207' title='bbox 1143 2644 1259 2695; x_wconf 86' lang='lat' dir='ltr'>mentem,</span> <span class='ocrx_word' id='word_1_208' title='bbox 1271 2653 1310 2686; x_wconf 87' lang='lat' dir='ltr'>re-</span> 
     </span>
     <span class='ocr_line' id='line_1_25' title="bbox 275 2699 1310 2771; baseline 0.003 -18"><span class='ocrx_word' id='word_1_209' title='bbox 275 2717 355 2754; x_wconf 87' lang='lat' dir='ltr'>carm.</span> <span class='ocrx_word' id='word_1_210' title='bbox 367 2719 395 2771; x_wconf 87' lang='lat' dir='ltr'>p.</span> <span class='ocrx_word' id='word_1_211' title='bbox 407 2717 453 2765; x_wconf 84' lang='lat'>42.</span> <span class='ocrx_word' id='word_1_212' title='bbox 466 2703 497 2752; x_wconf 90' lang='lat' dir='ltr'>it.</span> <span class='ocrx_word' id='word_1_213' title='bbox 513 2717 556 2765; x_wconf 82' lang='lat'>50.</span> <span class='ocrx_word' id='word_1_214' title='bbox 583 2700 770 2753; x_wconf 87' lang='lat' dir='ltr'>DeGermani-</span> <span class='ocrx_word' id='word_1_215' title='bbox 818 2711 888 2768; x_wconf 85' lang='lat' dir='ltr'>cepta</span> <span class='ocrx_word' id='word_1_216' title='bbox 911 2700 993 2750; x_wconf 83' lang='lat' dir='ltr'>adhuc</span> <span class='ocrx_word' id='word_1_217' title='bbox 1016 2699 1119 2752; x_wconf 74' lang='lat' dir='ltr'>lenione</span> <span class='ocrx_word' id='word_1_218' title='bbox 1144 2701 1310 2768; x_wconf 81' lang='lat' dir='ltr'>obscuratam,</span> 
     </span>
     <span class='ocr_line' id='line_1_26' title="bbox 275 2768 1312 2841; baseline 0.003 -18"><span class='ocrx_word' id='word_1_219' title='bbox 275 2789 307 2823; x_wconf 88' lang='lat' dir='ltr'>ca</span> <span class='ocrx_word' id='word_1_220' title='bbox 325 2773 437 2840; x_wconf 87' lang='lat' dir='ltr'>itemque</span> <span class='ocrx_word' id='word_1_221' title='bbox 457 2769 570 2838; x_wconf 86' lang='lat' dir='ltr'>Anglica</span> <span class='ocrx_word' id='word_1_222' title='bbox 590 2769 661 2820; x_wconf 80' lang='lat' dir='ltr'>aliter</span> <span class='ocrx_word' id='word_1_223' title='bbox 677 2769 700 2821; x_wconf 86' lang='lat' dir='ltr'>se</span> <span class='ocrx_word' id='word_1_224' title='bbox 717 2787 770 2822; x_wconf 87' lang='lat' dir='ltr'>rem</span> <span class='ocrx_word' id='word_1_225' title='bbox 818 2769 900 2821; x_wconf 89' lang='lat' dir='ltr'>multo</span> <span class='ocrx_word' id='word_1_226' title='bbox 917 2768 1025 2821; x_wconf 82' lang='lat' dir='ltr'>lucidius</span> <span class='ocrx_word' id='word_1_227' title='bbox 1042 2770 1187 2839; x_wconf 62' lang='lat' dir='ltr'>exprimis}</span> <span class='ocrx_word' id='word_1_228' title='bbox 1204 2770 1312 2841; x_wconf 84' lang='lat' dir='ltr'>legatur,</span> 
     </span>
     <span class='ocr_line' id='line_1_27' title="bbox 275 2838 1312 2908; baseline 0.003 -16"><span class='ocrx_word' id='word_1_229' title='bbox 275 2843 376 2904; x_wconf 85' lang='lat' dir='ltr'>habere,</span> <span class='ocrx_word' id='word_1_230' title='bbox 395 2840 506 2892; x_wconf 87' lang='lat' dir='ltr'>dubitari</span> <span class='ocrx_word' id='word_1_231' title='bbox 530 2855 579 2891; x_wconf 91' lang='lat' dir='ltr'>non</span> <span class='ocrx_word' id='word_1_232' title='bbox 601 2838 688 2908; x_wconf 87' lang='lat' dir='ltr'>potest.</span> <span class='ocrx_word' id='word_1_233' title='bbox 717 2840 769 2891; x_wconf 85' lang='lat' dir='ltr'>Ne·</span> <span class='ocrx_word' id='word_1_234' title='bbox 819 2852 848 2890; x_wconf 85' lang='lat' dir='ltr'>ut</span> <span class='ocrx_word' id='word_1_235' title='bbox 869 2856 935 2890; x_wconf 92' lang='lat' dir='ltr'>nunc</span> <span class='ocrx_word' id='word_1_236' title='bbox 956 2838 1117 2899; x_wconf 79' lang='lat' dir='ltr'>restituimus,</span> <span class='ocrx_word' id='word_1_237' title='bbox 1134 2843 1312 2908; x_wconf 83' lang='lat' dir='ltr'>nemo,credo,</span> 
     </span>
     <span class='ocr_line' id='line_1_28' title="bbox 276 2905 1332 2977; baseline 0.003 -15"><span class='ocrx_word' id='word_1_238' title='bbox 276 2912 369 2962; x_wconf 89' lang='lat' dir='ltr'>minem</span> <span class='ocrx_word' id='word_1_239' title='bbox 379 2907 444 2971; x_wconf 84' lang='lat' dir='ltr'>sarie,</span> <span class='ocrx_word' id='word_1_240' title='bbox 454 2911 529 2961; x_wconf 87' lang='lat' dir='ltr'>etiam</span> <span class='ocrx_word' id='word_1_241' title='bbox 541 2910 631 2960; x_wconf 88' lang='lat' dir='ltr'>Latine</span> <span class='ocrx_word' id='word_1_242' title='bbox 643 2920 667 2959; x_wconf 88' lang='lat' dir='ltr'>et</span> <span class='ocrx_word' id='word_1_243' title='bbox 679 2909 771 2961; x_wconf 72' lang='lat' dir='ltr'>Graece</span> <span class='ocrx_word' id='word_1_244' title='bbox 819 2909 930 2960; x_wconf 84' lang='lat' dir='ltr'>dubitat.</span> <span class='ocrx_word' id='word_1_245' title='bbox 958 2909 1004 2960; x_wconf 87' lang='lat' dir='ltr'>Sed</span> <span class='ocrx_word' id='word_1_246' title='bbox 1027 2909 1105 2961; x_wconf 85' lang='lat' dir='ltr'>levior</span> <span class='ocrx_word' id='word_1_247' title='bbox 1124 2905 1173 2961; x_wconf 84' lang='lat' dir='ltr'>suit</span> <span class='ocrx_word' id='word_1_248' title='bbox 1195 2911 1332 2977; x_wconf 84' lang='lat' dir='ltr'>Tullius,¹</span> 
     </span>
     <span class='ocr_line' id='line_1_29' title="bbox 275 2977 1313 3039; baseline 0.005 -8"><span class='ocrx_word' id='word_1_249' title='bbox 275 2981 389 3039; x_wconf 69' lang='lat' dir='ltr'>donum,</span> <span class='ocrx_word' id='word_1_250' title='bbox 402 2980 448 3030; x_wconf 91' lang='lat' dir='ltr'>hoc</span> <span class='ocrx_word' id='word_1_251' title='bbox 466 2979 564 3030; x_wconf 90' lang='lat' dir='ltr'>nomine</span> <span class='ocrx_word' id='word_1_252' title='bbox 577 2977 706 3030; x_wconf 85' lang='lat' dir='ltr'>offendunt</span> <span class='ocrx_word' id='word_1_253' title='bbox 717 2996 770 3030; x_wconf 86' lang='lat' dir='ltr'>ver·</span> <span class='ocrx_word' id='word_1_254' title='bbox 820 2977 930 3030; x_wconf 76' lang='lat' dir='ltr'>sirenum</span> <span class='ocrx_word' id='word_1_255' title='bbox 942 2989 966 3030; x_wconf 85' lang='lat' dir='ltr'>et</span> <span class='ocrx_word' id='word_1_256' title='bbox 984 2989 1079 3030; x_wconf 75' lang='lat' dir='ltr'>natum·</span> <span class='ocrx_word' id='word_1_257' title='bbox 1095 2980 1206 3031; x_wconf 86' lang='lat' dir='ltr'>ordinem</span> <span class='ocrx_word' id='word_1_258' title='bbox 1221 2984 1313 3036; x_wconf 89' lang='lat' dir='ltr'>condo-</span> 
     </span>
     <span class='ocr_line' id='line_1_30' title="bbox 276 3047 1313 3118; baseline 0.002 -15"><span class='ocrx_word' id='word_1_259' title='bbox 276 3049 347 3103; x_wconf 88' lang='lat' dir='ltr'>ficuli</span> <span class='ocrx_word' id='word_1_260' title='bbox 366 3049 472 3101; x_wconf 86' lang='lat' dir='ltr'>Lutheri</span> <span class='ocrx_word' id='word_1_261' title='bbox 488 3065 518 3101; x_wconf 83' lang='lat' dir='ltr'>ex</span> <span class='ocrx_word' id='word_1_262' title='bbox 533 3059 593 3099; x_wconf 89' lang='lat' dir='ltr'>noto</span> <span class='ocrx_word' id='word_1_263' title='bbox 610 3047 718 3108; x_wconf 87' lang='lat' dir='ltr'>cantico,</span> <span class='ocrx_word' id='word_1_264' title='bbox 733 3048 772 3100; x_wconf 82' lang='lat' dir='ltr'>Er</span> <span class='ocrx_word' id='word_1_265' title='bbox 820 3049 889 3099; x_wconf 85' lang='lat' dir='ltr'>navit</span> <span class='ocrx_word' id='word_1_266' title='bbox 907 3047 1065 3118; x_wconf 80' lang='lat' dir='ltr'>crepitaculis</span> <span class='ocrx_word' id='word_1_267' title='bbox 1083 3065 1260 3104; x_wconf 82' lang='lat' dir='ltr'>numerorum:</span> <span class='ocrx_word' id='word_1_268' title='bbox 1281 3055 1313 3108; x_wconf 84' lang='lat' dir='ltr'>ad</span> 
     </span>
     <span class='ocr_line' id='line_1_31' title="bbox 269 3115 1312 3190; baseline 0.004 -20"><span class='ocrx_word' id='word_1_269' title='bbox 269 3118 364 3190; x_wconf 77' lang='lat' dir='ltr'>sprach</span> <span class='ocrx_word' id='word_1_270' title='bbox 382 3135 418 3172; x_wconf 74' lang='lat' dir='ltr'>zu</span> <span class='ocrx_word' id='word_1_271' title='bbox 438 3115 497 3179; x_wconf 82' lang='lat' dir='ltr'>mir,</span> <span class='ocrx_word' id='word_1_272' title='bbox 508 3115 562 3170; x_wconf 78' lang='lat' dir='ltr'>halt</span> <span class='ocrx_word' id='word_1_273' title='bbox 578 3116 632 3170; x_wconf 77' lang='lat' dir='ltr'>dics</span> <span class='ocrx_word' id='word_1_274' title='bbox 648 3133 683 3168; x_wconf 86' lang='lat' dir='ltr'>an</span> <span class='ocrx_word' id='word_1_275' title='bbox 698 3117 770 3180; x_wconf 85' lang='lat' dir='ltr'>mich,</span> <span class='ocrx_word' id='word_1_276' title='bbox 820 3117 995 3186; x_wconf 84' lang='lat' dir='ltr'>ignoscendum</span> <span class='ocrx_word' id='word_1_277' title='bbox 1012 3115 1095 3169; x_wconf 83' lang='lat' dir='ltr'>facilis</span> <span class='ocrx_word' id='word_1_278' title='bbox 1113 3120 1312 3190; x_wconf 69' lang='lat' dir='ltr'>Qintiilianus,</span> 
     </span>
     <span class='ocr_line' id='line_1_32' title="bbox 278 3185 1313 3258; baseline 0.007 -18"><span class='ocrx_word' id='word_1_279' title='bbox 278 3189 315 3240; x_wconf 84' lang='lat' dir='ltr'>Es</span> <span class='ocrx_word' id='word_1_280' title='bbox 326 3188 376 3258; x_wconf 90' lang='lat' dir='ltr'>soll</span> <span class='ocrx_word' id='word_1_281' title='bbox 392 3188 434 3240; x_wconf 88' lang='lat' dir='ltr'>dir</span> <span class='ocrx_word' id='word_1_282' title='bbox 451 3186 504 3240; x_wconf 76' lang='lat' dir='ltr'>ierat</span> <span class='ocrx_word' id='word_1_283' title='bbox 520 3185 642 3255; x_wconf 78' lang='lat' dir='ltr'>gelingan,</span> <span class='ocrx_word' id='word_1_284' title='bbox 655 3187 716 3257; x_wconf 85' lang='lat' dir='ltr'>quia</span> <span class='ocrx_word' id='word_1_285' title='bbox 739 3205 770 3238; x_wconf 87' lang='lat'>12</span> <span class='ocrx_word' id='word_1_286' title='bbox 820 3187 836 3238; x_wconf 89' lang='lat' dir='ltr'>li</span> <span class='ocrx_word' id='word_1_287' title='bbox 861 3188 907 3238; x_wconf 88' lang='lat' dir='ltr'>hoc</span> <span class='ocrx_word' id='word_1_288' title='bbox 931 3186 1029 3239; x_wconf 82' lang='lat' dir='ltr'>indniiit</span> <span class='ocrx_word' id='word_1_289' title='bbox 1055 3187 1181 3241; x_wconf 79' lang='lat' dir='ltr'>Ciceroni.</span> <span class='ocrx_word' id='word_1_290' title='bbox 1220 3193 1313 3246; x_wconf 87' lang='lat' dir='ltr'>Verum</span> 
     </span>
     <span class='ocr_line' id='line_1_33' title="bbox 277 3257 1312 3327; baseline 0.004 -16"><span class='ocrx_word' id='word_1_291' title='bbox 277 3257 446 3327; x_wconf 85' lang='lat' dir='ltr'>monosyllaba</span> <span class='ocrx_word' id='word_1_292' title='bbox 457 3257 642 3308; x_wconf 84' lang='lat' dir='ltr'>continuantur.</span> <span class='ocrx_word' id='word_1_293' title='bbox 820 3257 943 3309; x_wconf 84' lang='lat' dir='ltr'>enimvero</span> <span class='ocrx_word' id='word_1_294' title='bbox 965 3258 1016 3322; x_wconf 85' lang='lat' dir='ltr'>jam</span> <span class='ocrx_word' id='word_1_295' title='bbox 1045 3257 1110 3310; x_wconf 87' lang='lat' dir='ltr'>vidit</span> <span class='ocrx_word' id='word_1_296' title='bbox 1132 3259 1258 3312; x_wconf 69' lang='lat' dir='ltr'>Viliorius</span> <span class='ocrx_word' id='word_1_297' title='bbox 1277 3266 1312 3316; x_wconf 88' lang='lat' dir='ltr'>V.</span> 
     </span>
    </p>

    <p class='ocr_par' dir='ltr' id='par_1_6' title="bbox 280 3326 1315 3662">
     <span class='ocr_line' id='line_1_34' title="bbox 315 3326 1312 3399; baseline -0.002 -21"><span class='ocrx_word' id='word_1_298' title='bbox 315 3347 361 3391; x_wconf 84' lang='lat'>43.</span> <span class='ocrx_word' id='word_1_299' title='bbox 387 3338 501 3384; x_wconf 78' lang='lat' dir='ltr'>extrema</span> <span class='ocrx_word' id='word_1_300' title='bbox 524 3335 549 3376; x_wconf 82' lang='lat' dir='ltr'>et</span> <span class='ocrx_word' id='word_1_301' title='bbox 568 3326 652 3394; x_wconf 77' lang='lat' dir='ltr'>prima</span> <span class='ocrx_word' id='word_1_302' title='bbox 674 3327 770 3392; x_wconf 81' lang='lat' dir='ltr'>coeunt]</span> <span class='ocrx_word' id='word_1_303' title='bbox 820 3328 854 3378; x_wconf 93' lang='lat' dir='ltr'>L.</span> <span class='ocrx_word' id='word_1_304' title='bbox 872 3328 1312 3399; x_wconf 72' lang='lat' dir='ltr'>13,16‚verbie‚saxaatqueflsli.</span> 
     </span>
     <span class='ocr_line' id='line_1_35' title="bbox 280 3394 1313 3467; baseline 0.004 -17"><span class='ocrx_word' id='word_1_305' title='bbox 280 3397 402 3450; x_wconf 82' lang='lat' dir='ltr'>Extrema</span> <span class='ocrx_word' id='word_1_306' title='bbox 423 3395 491 3450; x_wconf 82' lang='lat' dir='ltr'>incisi</span> <span class='ocrx_word' id='word_1_307' title='bbox 510 3396 547 3448; x_wconf 83' lang='lat' dir='ltr'>vel</span> <span class='ocrx_word' id='word_1_308' title='bbox 563 3397 667 3448; x_wconf 88' lang='lat' dir='ltr'>membri</span> <span class='ocrx_word' id='word_1_309' title='bbox 681 3413 772 3466; x_wconf 79' lang='lat' dir='ltr'>praece-</span> <span class='ocrx_word' id='word_1_310' title='bbox 820 3394 915 3447; x_wconf 80' lang='lat' dir='ltr'>tudines</span> <span class='ocrx_word' id='word_1_311' title='bbox 931 3395 990 3448; x_wconf 79' lang='lat' dir='ltr'>voci</span> <span class='ocrx_word' id='word_1_312' title='bbox 1004 3395 1153 3467; x_wconf 76' lang='lat' dir='ltr'>respondent,</span> <span class='ocrx_word' id='word_1_313' title='bbox 1165 3415 1214 3449; x_wconf 89' lang='lat' dir='ltr'>non</span> <span class='ocrx_word' id='word_1_314' title='bbox 1231 3403 1313 3467; x_wconf 80' lang='lat' dir='ltr'>majus</span> 
     </span>
     <span class='ocr_line' id='line_1_36' title="bbox 280 3465 1314 3535; baseline 0.003 -17"><span class='ocrx_word' id='word_1_315' title='bbox 280 3468 362 3519; x_wconf 86' lang='lat' dir='ltr'>dentis</span> <span class='ocrx_word' id='word_1_316' title='bbox 376 3468 527 3535; x_wconf 83' lang='lat' dir='ltr'>junguntur,</span> <span class='ocrx_word' id='word_1_317' title='bbox 541 3476 564 3517; x_wconf 93' lang='lat' dir='ltr'>et</span> <span class='ocrx_word' id='word_1_318' title='bbox 577 3467 612 3518; x_wconf 89' lang='lat' dir='ltr'>ita</span> <span class='ocrx_word' id='word_1_319' title='bbox 626 3475 710 3518; x_wconf 80' lang='lat' dir='ltr'>coeunt</span> <span class='ocrx_word' id='word_1_320' title='bbox 721 3466 769 3534; x_wconf 87' lang='lat' dir='ltr'>pri·</span> <span class='ocrx_word' id='word_1_321' title='bbox 821 3465 942 3534; x_wconf 85' lang='lat' dir='ltr'>quiddam</span> <span class='ocrx_word' id='word_1_322' title='bbox 954 3477 979 3516; x_wconf 84' lang='lat' dir='ltr'>et</span> <span class='ocrx_word' id='word_1_323' title='bbox 996 3465 1114 3518; x_wconf 85' lang='lat' dir='ltr'>illustrius</span> <span class='ocrx_word' id='word_1_324' title='bbox 1131 3468 1314 3530; x_wconf 65' lang='lat' dir='ltr'>continemini</span> 
     </span>
     <span class='ocr_line' id='line_1_37' title="bbox 280 3534 1314 3660; baseline 0.002 -72"><span class='ocrx_word' id='word_1_325' title='bbox 280 3538 330 3588; x_wconf 87' lang='lat' dir='ltr'>mis</span> <span class='ocrx_word' id='word_1_326' title='bbox 353 3535 420 3589; x_wconf 78' lang='lat' dir='ltr'>incisi</span> <span class='ocrx_word' id='word_1_327' title='bbox 444 3535 482 3588; x_wconf 89' lang='lat' dir='ltr'>vei</span> <span class='ocrx_word' id='word_1_328' title='bbox 505 3536 610 3588; x_wconf 84' lang='lat' dir='ltr'>membri</span> <span class='ocrx_word' id='word_1_329' title='bbox 638 3535 771 3603; x_wconf 83' lang='lat' dir='ltr'>sequentis.</span> <span class='ocrx_word' id='word_1_330' title='bbox 820 3535 904 3586; x_wconf 86' lang='lat' dir='ltr'>minus</span> <span class='ocrx_word' id='word_1_331' title='bbox 922 3534 995 3604; x_wconf 88' lang='lat' dir='ltr'>longe</span> <span class='ocrx_word' id='word_1_332' title='bbox 1008 3536 1050 3587; x_wconf 89' lang='lat' dir='ltr'>iilo</span> <span class='ocrx_word' id='word_1_333' title='bbox 1061 3536 1148 3598; x_wconf 88' lang='lat' dir='ltr'>altero,</span> <span class='ocrx_word' id='word_1_334' title='bbox 1160 3535 1239 3606; x_wconf 71' lang='lat' dir='ltr'>bestia</span> <span class='ocrx_word' id='word_1_335' title='bbox 1248 3541 1314 3660; x_wconf 67' lang='lat' dir='ltr'>(ape</span> 
     </span>
     <span class='ocr_line' id='line_1_38' title="bbox 281 3602 1315 3662; baseline 0.004 -4"><span class='ocrx_word' id='word_1_336' title='bbox 281 3608 328 3658; x_wconf 83' lang='lat' dir='ltr'>Sed</span> <span class='ocrx_word' id='word_1_337' title='bbox 340 3623 399 3658; x_wconf 87' lang='lat' dir='ltr'>cum</span> <span class='ocrx_word' id='word_1_338' title='bbox 411 3617 494 3658; x_wconf 85' lang='lat' dir='ltr'>tamen</span> <span class='ocrx_word' id='word_1_339' title='bbox 505 3606 639 3658; x_wconf 83' lang='lat' dir='ltr'>intercedat</span> <span class='ocrx_word' id='word_1_340' title='bbox 649 3604 774 3656; x_wconf 67' lang='lat' dir='ltr'>distinctio</span> <span class='ocrx_word' id='word_1_341' title='bbox 822 3602 958 3656; x_wconf 79' lang='lat' dir='ltr'>immanes.-</span> <span class='ocrx_word' id='word_1_342' title='bbox 977 3605 1052 3658; x_wconf 81' lang='lat' dir='ltr'>Prius</span> <span class='ocrx_word' id='word_1_343' title='bbox 1068 3607 1134 3657; x_wconf 87' lang='lat' dir='ltr'>enirn</span> <span class='ocrx_word' id='word_1_344' title='bbox 1153 3607 1182 3657; x_wconf 91' lang='lat' dir='ltr'>ad</span> <span class='ocrx_word' id='word_1_345' title='bbox 1196 3607 1248 3659; x_wconf 89' lang='lat' dir='ltr'>resu</span> <span class='ocrx_word' id='word_1_346' title='bbox 1260 3622 1315 3662; x_wconf 85' lang='lat' dir='ltr'>tau·</span> 
     </span>
    </p>

    <p class='ocr_par' dir='ltr' id='par_1_7' title="bbox 277 3669 1377 3883">
     <span class='ocr_line' id='line_1_39' title="bbox 299 3669 1377 3746; baseline 0.004 -18"><span class='ocrx_word' id='word_1_347' title='bbox 299 3677 396 3730; x_wconf 85' lang='lat' dir='ltr'>uaedam</span> <span class='ocrx_word' id='word_1_348' title='bbox 414 3674 461 3728; x_wconf 80' lang='lat' dir='ltr'>sive</span> <span class='ocrx_word' id='word_1_349' title='bbox 478 3675 560 3726; x_wconf 83' lang='lat' dir='ltr'>brevis</span> <span class='ocrx_word' id='word_1_350' title='bbox 577 3673 661 3743; x_wconf 88' lang='lat' dir='ltr'>pausa,</span> <span class='ocrx_word' id='word_1_351' title='bbox 674 3691 722 3724; x_wconf 90' lang='lat' dir='ltr'>non</span> <span class='ocrx_word' id='word_1_352' title='bbox 739 3675 774 3725; x_wconf 88' lang='lat' dir='ltr'>ita</span> <span class='ocrx_word' id='word_1_353' title='bbox 822 3686 873 3724; x_wconf 84' lang='lat' dir='ltr'>tem</span> <span class='ocrx_word' id='word_1_354' title='bbox 884 3674 953 3725; x_wconf 85' lang='lat' dir='ltr'>vocis</span> <span class='ocrx_word' id='word_1_355' title='bbox 961 3674 1095 3744; x_wconf 81' lang='lat' dir='ltr'>imaginem</span> <span class='ocrx_word' id='word_1_356' title='bbox 1103 3678 1316 3746; x_wconf 86' lang='lat' dir='ltr'>pertinere,quam</span> <span class='ocrx_word' id='word_1_357' title='bbox 1372 3669 1377 3680; x_wconf 56' lang='lat'>⁸</span> 
     </span>
     <span class='ocr_line' id='line_1_40' title="bbox 280 3695 1318 3819; baseline 0.003 -22"><span class='ocrx_word' id='word_1_358' title='bbox 280 3695 423 3810; x_wconf 72' lang='lat' dir='ltr'>lentinmfi</span> <span class='ocrx_word' id='word_1_359' title='bbox 457 3745 502 3796; x_wconf 90' lang='lat' dir='ltr'>nid</span> <span class='ocrx_word' id='word_1_360' title='bbox 519 3743 557 3795; x_wconf 84' lang='lat' dir='ltr'>vei</span> <span class='ocrx_word' id='word_1_361' title='bbox 575 3746 723 3810; x_wconf 81' lang='lat' dir='ltr'>geminetur,</span> <span class='ocrx_word' id='word_1_362' title='bbox 735 3743 774 3794; x_wconf 81' lang='lat' dir='ltr'>vei</span> <span class='ocrx_word' id='word_1_363' title='bbox 822 3744 883 3794; x_wconf 86' lang='lat' dir='ltr'>echo</span> <span class='ocrx_word' id='word_1_364' title='bbox 894 3759 1026 3808; x_wconf 69' lang='lat' dir='ltr'>vocamus,</span> <span class='ocrx_word' id='word_1_365' title='bbox 1045 3744 1150 3796; x_wconf 87' lang='lat' dir='ltr'>alterum</span> <span class='ocrx_word' id='word_1_366' title='bbox 1162 3746 1193 3796; x_wconf 87' lang='lat' dir='ltr'>ad</span> <span class='ocrx_word' id='word_1_367' title='bbox 1205 3749 1318 3819; x_wconf 81' lang='lat' dir='ltr'>exempla</span> 
     </span>
     <span class='ocr_line' id='line_1_41' title="bbox 277 3763 1316 3883; baseline -0.002 -15"><span class='ocrx_word' id='word_1_368' title='bbox 277 3817 396 3883; x_wconf 69' lang='lat' dir='ltr'>junctura</span> <span class='ocrx_word' id='word_1_369' title='bbox 407 3763 538 3866; x_wconf 76' lang='lat' dir='ltr'>obleennm</span> <span class='ocrx_word' id='word_1_370' title='bbox 551 3813 643 3864; x_wconf 74' lang='lat' dir='ltr'>sentum</span> <span class='ocrx_word' id='word_1_371' title='bbox 655 3812 756 3865; x_wconf 86' lang='lat' dir='ltr'>efficiat.</span> <span class='ocrx_word' id='word_1_372' title='bbox 823 3813 954 3864; x_wconf 81' lang='lat' dir='ltr'>bestiarum</span> <span class='ocrx_word' id='word_1_373' title='bbox 966 3827 1041 3864; x_wconf 81' lang='lat' dir='ltr'>cantu</span> <span class='ocrx_word' id='word_1_374' title='bbox 1055 3814 1076 3864; x_wconf 86' lang='lat' dir='ltr'>i&#39;e</span> <span class='ocrx_word' id='word_1_375' title='bbox 1087 3813 1208 3882; x_wconf 82' lang='lat' dir='ltr'>paliarum</span> <span class='ocrx_word' id='word_1_376' title='bbox 1219 3818 1316 3873; x_wconf 72' lang='lat' dir='ltr'>demni-</span> 
     </span>
    </p>

    <p class='ocr_par' dir='ltr' id='par_1_8' title="bbox 281 3882 1426 4094">
     <span class='ocr_line' id='line_1_42' title="bbox 317 3882 1317 3956; baseline 0 -20"><span class='ocrx_word' id='word_1_377' title='bbox 317 3905 362 3949; x_wconf 85' lang='lat'>44.</span> <span class='ocrx_word' id='word_1_378' title='bbox 380 3901 485 3936; x_wconf 80' lang='lat' dir='ltr'>vomens</span> <span class='ocrx_word' id='word_1_379' title='bbox 493 3882 595 3952; x_wconf 71' lang='lat' dir='ltr'>frustis]</span> <span class='ocrx_word' id='word_1_380' title='bbox 615 3885 654 3934; x_wconf 85' lang='lat' dir='ltr'>Ex</span> <span class='ocrx_word' id='word_1_381' title='bbox 666 3882 733 3934; x_wconf 88' lang='lat' dir='ltr'>Phil.</span> <span class='ocrx_word' id='word_1_382' title='bbox 748 3901 773 3943; x_wconf 84' lang='lat'>2,</span> <span class='ocrx_word' id='word_1_383' title='bbox 823 3883 883 3932; x_wconf 84' lang='lat' dir='ltr'>ceri.</span> <span class='ocrx_word' id='word_1_384' title='bbox 908 3883 1012 3933; x_wconf 88' lang='lat' dir='ltr'>Fontem</span> <span class='ocrx_word' id='word_1_385' title='bbox 1029 3885 1117 3934; x_wconf 84' lang='lat' dir='ltr'>erroris</span> <span class='ocrx_word' id='word_1_386' title='bbox 1130 3884 1153 3935; x_wconf 91' lang='lat' dir='ltr'>in</span> <span class='ocrx_word' id='word_1_387' title='bbox 1166 3886 1317 3956; x_wconf 74' lang='lat' dir='ltr'>Qiniiiiia.</span> 
     </span>
     <span class='ocr_line' id='line_1_43' title="bbox 281 3951 1426 4022; baseline 0.003 -17"><span class='ocrx_word' id='word_1_388' title='bbox 281 3955 406 4020; x_wconf 79' lang='lat' dir='ltr'>25.·Hic</span> <span class='ocrx_word' id='word_1_389' title='bbox 425 3953 546 4022; x_wconf 80' lang='lat' dir='ltr'>gremium</span> <span class='ocrx_word' id='word_1_390' title='bbox 566 3951 630 4004; x_wconf 74' lang='lat' dir='ltr'>reiie</span> <span class='ocrx_word' id='word_1_391' title='bbox 648 3952 774 4021; x_wconf 68' lang='lat' dir='ltr'>precedit,</span> <span class='ocrx_word' id='word_1_392' title='bbox 823 3967 856 4002; x_wconf 93' lang='lat' dir='ltr'>no</span> <span class='ocrx_word' id='word_1_393' title='bbox 868 3967 916 4002; x_wconf 88' lang='lat' dir='ltr'>non</span> <span class='ocrx_word' id='word_1_394' title='bbox 934 3953 1024 4022; x_wconf 88' lang='lat' dir='ltr'>aperit,</span> <span class='ocrx_word' id='word_1_395' title='bbox 1039 3970 1113 4020; x_wconf 84' lang='lat' dir='ltr'>quem</span> <span class='ocrx_word' id='word_1_396' title='bbox 1148 3957 1241 4008; x_wconf 79' lang='lat' dir='ltr'>nterim</span> <span class='ocrx_word' id='word_1_397' title='bbox 1259 3976 1317 4013; x_wconf 80' lang='lat' dir='ltr'>eum</span> <span class='ocrx_word' id='word_1_398' title='bbox 1423 3971 1426 3980; x_wconf 91' lang='grc'>’</span> 
     </span>
     <span class='ocr_line' id='line_1_44' title="bbox 281 3971 1318 4094; baseline 0 -20"><span class='ocrx_word' id='word_1_399' title='bbox 281 4025 402 4092; x_wconf 87' lang='lat' dir='ltr'>sequitur,</span> <span class='ocrx_word' id='word_1_400' title='bbox 414 4023 482 4091; x_wconf 90' lang='lat' dir='ltr'>quod</span> <span class='ocrx_word' id='word_1_401' title='bbox 499 4020 580 4072; x_wconf 71' lang='lat' dir='ltr'>multo</span> <span class='ocrx_word' id='word_1_402' title='bbox 594 4023 675 4086; x_wconf 88' lang='lat' dir='ltr'>majus</span> <span class='ocrx_word' id='word_1_403' title='bbox 686 4021 728 4080; x_wconf 86' lang='lat' dir='ltr'>est,</span> <span class='ocrx_word' id='word_1_404' title='bbox 739 4029 775 4072; x_wconf 77' lang='lat' dir='ltr'>to·</span> <span class='ocrx_word' id='word_1_405' title='bbox 824 4019 951 4088; x_wconf 59' lang='lat' dir='ltr'>essequod</span> <span class='ocrx_word' id='word_1_406' title='bbox 965 4022 1057 4091; x_wconf 87' lang='lat' dir='ltr'>Orphei</span> <span class='ocrx_word' id='word_1_407' title='bbox 1070 3971 1181 4076; x_wconf 77' lang='lat' dir='ltr'>fabulam</span> <span class='ocrx_word' id='word_1_408' title='bbox 1193 4043 1245 4094; x_wconf 81' lang='lat' dir='ltr'>prae</span> <span class='ocrx_word' id='word_1_409' title='bbox 1256 4046 1318 4081; x_wconf 80' lang='lat' dir='ltr'>ocu.</span> 
     </span>
    </p>

    <p class='ocr_par' dir='ltr' id='par_1_9' title="bbox 253 4088 1363 4375">
     <span class='ocr_line' id='line_1_45' title="bbox 253 4088 1317 4162; baseline -0.002 -18"><span class='ocrx_word' id='word_1_410' title='bbox 253 4133 256 4138; x_wconf 88' lang='lat'><strong>.</strong></span> <span class='ocrx_word' id='word_1_411' title='bbox 281 4105 333 4146; x_wconf 78' lang='lat' dir='ltr'>tum</span> <span class='ocrx_word' id='word_1_412' title='bbox 350 4092 464 4146; x_wconf 79' lang='lat' dir='ltr'>tribunal</span> <span class='ocrx_word' id='word_1_413' title='bbox 469 4113 477 4142; x_wconf 89' lang='lat'>.·</span> <span class='ocrx_word' id='word_1_414' title='bbox 498 4103 582 4142; x_wconf 84' lang='lat' dir='ltr'>contra</span> <span class='ocrx_word' id='word_1_415' title='bbox 601 4091 622 4142; x_wconf 87' lang='lat' dir='ltr'>se</span> <span class='ocrx_word' id='word_1_416' title='bbox 640 4109 677 4142; x_wconf 77' lang='lat' dir='ltr'>res</span> <span class='ocrx_word' id='word_1_417' title='bbox 689 4091 775 4150; x_wconf 85' lang='lat' dir='ltr'>habet,</span> <span class='ocrx_word' id='word_1_418' title='bbox 824 4089 856 4142; x_wconf 86' lang='lat' dir='ltr'>lis</span> <span class='ocrx_word' id='word_1_419' title='bbox 874 4088 943 4142; x_wconf 83' lang='lat' dir='ltr'>fuilie</span> <span class='ocrx_word' id='word_1_420' title='bbox 961 4091 1076 4143; x_wconf 87' lang='lat' dir='ltr'>Ciceroni</span> <span class='ocrx_word' id='word_1_421' title='bbox 1094 4095 1204 4162; x_wconf 87' lang='lat' dir='ltr'>putavit,</span> <span class='ocrx_word' id='word_1_422' title='bbox 1215 4113 1262 4148; x_wconf 86' lang='lat' dir='ltr'>non</span> <span class='ocrx_word' id='word_1_423' title='bbox 1275 4098 1317 4150; x_wconf 80' lang='lat' dir='ltr'>be.</span> 
     </span>
     <span class='ocr_line' id='line_1_46' title="bbox 282 4159 1316 4230; baseline 0.004 -14"><span class='ocrx_word' id='word_1_424' title='bbox 282 4164 302 4216; x_wconf 84' lang='lat' dir='ltr'>sr</span> <span class='ocrx_word' id='word_1_425' title='bbox 317 4164 435 4216; x_wconf 83' lang='lat' dir='ltr'>audimus</span> <span class='ocrx_word' id='word_1_426' title='bbox 454 4162 571 4219; x_wconf 84' lang='lat' dir='ltr'>Fabium,</span> <span class='ocrx_word' id='word_1_427' title='bbox 584 4163 609 4212; x_wconf 90' lang='lat' dir='ltr'>in</span> <span class='ocrx_word' id='word_1_428' title='bbox 622 4160 735 4230; x_wconf 84' lang='lat' dir='ltr'>proximo</span> <span class='ocrx_word' id='word_1_429' title='bbox 746 4177 776 4211; x_wconf 82' lang='lat' dir='ltr'>ex</span> <span class='ocrx_word' id='word_1_430' title='bbox 815 4159 881 4228; x_wconf 86' lang='lat' dir='ltr'>stias</span> <span class='ocrx_word' id='word_1_431' title='bbox 896 4161 965 4214; x_wconf 82' lang='lat' dir='ltr'>modo</span> <span class='ocrx_word' id='word_1_432' title='bbox 985 4163 1137 4215; x_wconf 83' lang='lat' dir='ltr'>canninibus</span> <span class='ocrx_word' id='word_1_433' title='bbox 1152 4165 1211 4224; x_wconf 75' lang='lat' dir='ltr'>liris,</span> <span class='ocrx_word' id='word_1_434' title='bbox 1224 4183 1316 4220; x_wconf 76' lang='lat' dir='ltr'>vemm</span> 
     </span>
     <span class='ocr_line' id='line_1_47' title="bbox 282 4226 1316 4304; baseline 0.004 -20"><span class='ocrx_word' id='word_1_435' title='bbox 282 4245 347 4284; x_wconf 87' lang='lat' dir='ltr'>orat.</span> <span class='ocrx_word' id='word_1_436' title='bbox 359 4251 403 4299; x_wconf 86' lang='lat' dir='ltr'>pro</span> <span class='ocrx_word' id='word_1_437' title='bbox 416 4231 514 4284; x_wconf 84' lang='lat' dir='ltr'>Archia</span> <span class='ocrx_word' id='word_1_438' title='bbox 526 4247 548 4282; x_wconf 90' lang='lat' dir='ltr'>c.</span> <span class='ocrx_word' id='word_1_439' title='bbox 559 4235 584 4280; x_wconf 85' lang='lat'>8.</span> <span class='ocrx_word' id='word_1_440' title='bbox 595 4231 639 4280; x_wconf 92' lang='lat' dir='ltr'>ubi</span> <span class='ocrx_word' id='word_1_441' title='bbox 650 4229 777 4299; x_wconf 9' lang='lat' dir='ltr'>postwsaxa</span> <span class='ocrx_word' id='word_1_442' title='bbox 824 4226 899 4281; x_wconf 81' lang='lat' dir='ltr'>etiam</span> <span class='ocrx_word' id='word_1_443' title='bbox 902 4231 973 4300; x_wconf 78' lang='lat' dir='ltr'>saxa</span> <span class='ocrx_word' id='word_1_444' title='bbox 980 4240 1004 4280; x_wconf 79' lang='lat' dir='ltr'>et</span> <span class='ocrx_word' id='word_1_445' title='bbox 1007 4230 1092 4296; x_wconf 80' lang='lat' dir='ltr'>ſslvas</span> <span class='ocrx_word' id='word_1_446' title='bbox 1098 4233 1232 4298; x_wconf 69' lang='lat' dir='ltr'>trahentis,</span> <span class='ocrx_word' id='word_1_447' title='bbox 1245 4238 1316 4304; x_wconf 77' lang='lat' dir='ltr'>cujus</span> 
     </span>
     <span class='ocr_line' id='line_1_48' title="bbox 283 4297 1363 4375; baseline 0.003 -20"><span class='ocrx_word' id='word_1_448' title='bbox 283 4317 307 4355; x_wconf 83' lang='lat' dir='ltr'>et</span> <span class='ocrx_word' id='word_1_449' title='bbox 317 4301 460 4374; x_wconf 81' lang='lat' dir='ltr'>solitudines</span> <span class='ocrx_word' id='word_1_450' title='bbox 473 4300 609 4370; x_wconf 82' lang='lat' dir='ltr'>sequuntur</span> <span class='ocrx_word' id='word_1_451' title='bbox 624 4300 724 4352; x_wconf 89' lang='lat' dir='ltr'>demum</span> <span class='ocrx_word' id='word_1_452' title='bbox 736 4297 777 4350; x_wconf 84' lang='lat' dir='ltr'>be·</span> <span class='ocrx_word' id='word_1_453' title='bbox 825 4308 909 4354; x_wconf 82' lang='lat' dir='ltr'>tamen</span> <span class='ocrx_word' id='word_1_454' title='bbox 919 4299 1017 4354; x_wconf 86' lang='lat' dir='ltr'>nulium</span> <span class='ocrx_word' id='word_1_455' title='bbox 1028 4301 1069 4356; x_wconf 85' lang='lat' dir='ltr'>hic</span> <span class='ocrx_word' id='word_1_456' title='bbox 1082 4302 1265 4375; x_wconf 30' lang='lat' dir='ltr'>vestigiumfest.</span> <span class='ocrx_word' id='word_1_457' title='bbox 1287 4341 1290 4348; x_wconf 90' lang='lat'>-</span> <span class='ocrx_word' id='word_1_458' title='bbox 1356 4307 1363 4320; x_wconf 74' lang='grc'><strong>“</strong></span> 
     </span>
    </p>
   </div>
   <div class='ocr_carea' id='block_1_6' title="bbox 0 0 1532 4930">
    <p class='ocr_par' dir='ltr' id='par_1_10' title="bbox 0 0 1532 4930">
     <span class='ocr_line' id='line_1_49' title="bbox 0 0 1532 4930; baseline 0 0"><span class='ocrx_word' id='word_1_459' title='bbox 0 0 1532 4930; x_wconf 95' lang='lat' dir='ltr'> </span> 
     </span>
    </p>
   </div>
  </div>
 </body>
</html>
