3026 4930
475 431 644 493 rusrrr.
664 427 977 494 onnrortsnru.
996 433 1036 498 rr.
1061 453 1086 496 1.
1213 453 1289 523 '179

251 593 352 684 quani
366 591 411 661 eli
424 608 490 662 tarn
505 597 615 686 procul
630 617 649 664 a·
664 593 850 748 capnitione
864 609 976 666 ebrum
988 595 1154 682 remotus,
1169 613 1289 672 utinen

185 741 189 746 .
254 683 395 748 indicem
419 697 505 748 certe
528 704 568 748 ex
587 681 703 749 bibliot
727 707 785 749 eoa
801 685 940 750 sumtum
958 688 1126 753 transferre
1139 689 1172 754 iu
1187 689 1287 757 libror

253 769 327 832 suos
341 767 454 856 polilt.¹
489 771 562 834 Nec
583 771 699 858 ignoro
724 771 829 858 igitur·
847 793 929 858 quos
944 773 1078 854 transeo,
1095 787 1156 840 neo
1174 776 1289 862 utique

251 853 384 933 damno,
401 857 509 942 utqui
524 856 658 921 dixerim
674 855 734 921 etse
750 857 782 920 in
802 857 951 922 omnibus
972 859 1123 924 utilitatis
1137 860 1260 948 aliquid
1276 887 1286 928 a

251 939 307 1003 sed
322 941 370 1004 ‘ad
390 941 464 1004 illos
483 942 552 1027 jam
575 941 724 1028 persehlis
746 941 927 1007 constitutis
945 964 986 1008 ue
1008 945 1129 1010 viribus
1147 959 1286 1012 reverte·

192 1025 240 1110 58
253 1041 339 1090 mur.
384 1027 485 1092 Quod
508 1029 630 1090 etiarn·a
657 1047 700 1091 trs
723 1029 824 1092 coeuis
844 965 1018 1116 graniibus
1032 1029 1120 1117 ‘saepe
1136 1031 1287 1114 ‘facimus

204 1169 208 1176 ,
252 1123 301 1188 ut,
318 1131 392 1176 cum
416 1112 548 1200 optimis
566 1113 667 1176 satiati
689 1114 784 1178 stmus
798 1115 824 1193 b,
847 1106 978 1178 varietas
1002 1128 1107 1180 tamen
1125 1118 1225 1182 'nobis
1246 1137 1287 1185 ex
1352 1161 1358 1168 -

251 1196 419 1262 vilioribus
440 1210 531 1285 grata
550 1199 599 1262 nt.
643 1199 739 1263 Tune
760 1211 794 1262 et
813 1199 949 1284 elegiam
970 1202 1097 1271 vacabit
1116 1201 1150 1266 in
1170 1221 1287 1270 manus

250 1281 386 1362 sumere,
411 1285 502 1372 cujus
526 1284 673 1370 princeps
699 1283 836 1348 habetur
863 1285 1076 1352 Callimachus.
1121 1289 1286 1356 Secundus

190 1368 442 1456 59consellione
466 1369 676 1454 plurimorum
700 1368 858 1434 Philetas‘
888 1373 1067 1456 occupavit.
1112 1374 1176 1438 Sed
1205 1375 1285 1442 dum

250 1453 442 1540 assequimur
456 1455 544 1519 illam
559 1456 681 1519 sirmam
705 1462 756 1539 (ut
771 1455 852 1536 dixi)
875 1453 1075 1538 facilitatem,
1091 1459 1221 1544 optimis
1236 1455 1284 1524 as·

249 1538 457 1604 suescendum
474 1541 538 1605 ali:
562 1554 595 1605 et
611 1540 714 1605 multa
728 1541 843 1628 magis,
857 1563 955 1630 quam
970 1543 1147 1610 multorum
1168 1543 1284 1612 leuio-

248 1643 292 1688 ne
313 1625 504 1692 sormandad
531 1647 636 1705 mens,
652 1639 686 1690 et
709 1625 875 1692 ducendus
893 1629 937 1691 est
963 1628 1062 1694 color.
1107 1632 1223 1718 ltaque
1243 1653 1285 1697 ex

249 1710 354 1775 tribus
367 1712 503 1798 receptis
523 1711 694 1776 Aristarchi
711 1711 840 1799 judicio
863 1713 1065 1799 scriptoribus
1090 1714 1284 1798 iamborum,

192 1795 237 1860 60
249 1795 313 1860 ade
329 1789 384 1873 ἕξιν
406 1798 545 1862 maxime
559 1797 730 1898 pertinebit
747 1819 830 1862 unus
845 1797 1052 1864 Archilochus.
1096 1802 1229 1866 Summa
1248 1803 1284 1867 in

248 1880 312 1945 hoe
329 1884 376 1947 vis
394 1881 598 1962 elocutionrs,
614 1905 690 1947 cum
705 1883 829 1964 validae,
843 1895 914 1948 tum
929 1884 1042 1950 breves
1063 1883 1285 1976 vibrantesque

247 1965 424 2048 sententiae,
440 1969 615 2058 plurimum
637 1969 800 2054 sanguinis
821 1981 917 2056 atque
940 1991 1121 2052 nervorum,
1144 1971 1225 2038 adeo
1247 1983 1284 2038 ut

246 2052 393 2118 rideatur
406 2053 606 2154 quibusdam,
622 2055 712 2140 quod
723 2075 887 2141 quoquam
900 2051 911 2094 f
928 2055 1058 2120 minor!
1071 2058 1124 2137 est,
1140 2058 1283 2123 materia
1310 2129 1312 2136 ,

188 2140 232 2204 61
246 2137 319 2217 esse,
334 2159 401 2202 non
417 2139 539 2240 ingenii
554 2139 680 2204 vitium.
724 2140 854 2205 Novem
873 2159 947 2205 vero
969 2141 1159 2228 Lyricorum
1182 2143 1282 2232 longe

247 2224 402 2288 Pindarus
416 2244 575 2312 princeps,
592 2223 718 2312 spiritus
738 2225 989 2312 magnificentia,
1005 2228 1180 2308 sententiis,
1196 2229 1224 2290 fi·
1265 2268 1282 2283 ·

245 2308 301 2387 tis,
317 2311 492 2375 beatiffima
506 2330 611 2375 rerum
627 2313 858 2398 verborumque
872 2311 974 2398 copia,
990 2325 1023 2376 et
1036 2312 1126 2378 velut
1140 2251 1281 2402 quooiin

243 2394 439 2549 elopuentiae
451 2395 606 2460 fluminet
629 2411 758 2483 propter
771 2397 872 2483 quaeh
894 2398 1049 2462 Horatius
1068 2421 1142 2464 eum
1166 2401 1283 2466 merito
1316 2427 1318 2433 ·

189 2483 234 2553 62
246 2499 300 2544 ore
323 2481 383 2546 idit
397 2483 518 2546 nemini
533 2481 735 2548 imitabilem.
781 2481 970 2568 Stqhehsmm
981 2487 1000 2566 ¹,
1015 2485 1167 2572 quamsit
1187 2485 1281 2572 inge-

211 2689 249 2744 .’
280 2709 350 2750 ¹om.
362 2705 394 2752 G.
458 2701 570 2755 tremus
582 2704 613 2752 G.
679 2700 748 2750 ‘Sic
760 2703 791 2752 G.
802 2703 908 2752 Philotas
917 2701 980 2750 Jent.
991 2701 1103 2752 Philaetas
1114 2701 1146 2754 al.
1207 2703 1280 2752 dles-

244 2768 346 2816 tinandtt
358 2769 389 2816 G.
454 2776 464 2800 θ
483 2771 512 2818 ad
524 2772 578 2816 haec
590 2771 619 2816 G.
633 2767 663 2814 ad
675 2769 768 2816 exitum
779 2769 843 2815 Jenl.
909 2763 919 2800 f
935 2769 1035 2828 quidem
1045 2770 1108 2818 Jens.
1126 2783 1131 2786 ·
1164 2775 1176 2806 ⁸
1193 2785 1236 2818 em,
1247 2769 1279 2819 G.

243 2831 262 2866 θ
276 2835 343 2896 quod
355 2835 386 2882 G.
397 2833 461 2882 lens.
527 2846 532 2868 ¹
550 2833 755 2896 Therpsrchotum
764 2833 828 2882 lens.
845 2831 993 2880 stesichorus
1003 2834 1035 2880 G.
1046 2843 1068 2880 er
1078 2833 1111 2882 al.

283 3041 325 3094 57.
337 3027 440 3080 indicem
452 3045 484 3080 ex
494 3025 647 3092 bibliotheca]
666 3027 736 3080 Pun-
823 3027 866 3090 58.
880 3021 1002 3094 Philetas]
1015 3025 1054 3080 Sic
1067 3027 1221 3082 scribendum
1232 3047 1277 3082 uo-

243 3097 294 3170 git,
305 3099 387 3160 credo,
399 3117 451 3159 coe,
463 3101 508 3166 qui
523 3111 612 3150 temere
625 3097 735 3158 laudant,
784 3111 841 3146 men
857 3097 932 3162 hujus
951 3113 1039 3167 poetae,
1052 3111 1108 3150 tum
1125 3099 1214 3151 Suidas
1231 3101 1278 3151 do-

244 3171 298 3220 vitu
330 3179 395 3229 rant,
416 3169 506 3236 judicii
534 3168 572 3220 sui
594 3167 663 3218 lance
687 3167 736 3217 sus-
785 3177 833 3226 cet,
854 3167 920 3236 apud
944 3185 1018 3236 quem
1043 3173 1136 3224 acuaris
1158 3171 1200 3230 eli,
1222 3183 1277 3222 tum

243 3255 294 3360 peta
309 3237 495 3358 uptsautiores,
521 3253 735 3358 quisdsz'lquam
784 3235 1090 3308 Atheuaeusapudquein
1104 3242 1196 3288 othim
1213 3237 1277 3308 legi.

241 3323 257 3360 r
295 3325 352 3360 ern
410 3321 482 3360 erunt
507 3327 538 3360 ex
555 3325 579 3358 nt
599 3325 630 3360 ter
650 3325 678 3358 us
695 3325 751 3372 ns·
783 3323 849 3357 mus.

242 3379 345 3430 mirum.
363 3325 673 3450 Qidfiitodievirerrs
685 3378 734 3428 Fa·
821 3393 863 3441 59.
882 3384 911 3426 ut
927 3375 994 3443 dixi]
1014 3378 1046 3430 In
1064 3376 1115 3450 ipso
1131 3375 1189 3430 libri
1201 3377 1275 3446 hujus

242 3444 272 3499 bi
283 3454 293 3499 i
310 3449 377 3501 Nori
394 3467 441 3518 ego
452 3449 587 3508 hominem,
598 3448 644 3516 qui
655 3447 735 3515 edidh
783 3447 915 3514 principio.

243 3527 310 3570 cerat
327 3517 423 3587 aliquot
441 3519 544 3570 Homeri
559 3517 652 3578 verius,
670 3533 734 3586 ques
820 3531 862 3584 59.
881 3531 914 3566 ex
935 3515 1014 3568 trihus
1033 3513 1147 3584 receptis]
1166 3516 1217 3590 Qi
1231 3516 1286 3571 alii.

241 3585 269 3639 in
298 3585 443 3640 sedenibus
472 3587 680 3658 Bibliopoliorurn
709 3597 735 3637 et
782 3581 828 3635 sint
847 3585 907 3646 duo,
923 3586 1012 3646 nescio,
1030 3601 1061 3636 an
1080 3587 1170 3637 l'ciatur
1190 3586 1273 3642 hodie.

242 3655 458 3710 Bibliothecarum
479 3659 603 3717 recitaret,
626 3666 652 3706 et
675 3673 733 3707 cum
781 3656 910 3705 Ceterum
921 3656 1106 3706 Archilochum
1123 3657 1198 3708 etiarn
1215 3673 1275 3712 cunt

241 3725 420 3798 interpretibus
437 3725 562 3780 hodiernis
580 3729 615 3778 ita
633 3743 733 3794 compa·
781 3723 939 3793 principibus
963 3723 989 3776 iu
1011 3725 1054 3776 suo
1081 3741 1169 3794 genere
1193 3727 1274 3796 poeti!

241 3809 317 3859 taret,
333 3809 363 3850 ut
379 3809 479 3868 putares
497 3798 524 3849 in
542 3795 677 3866 limeseiliis
689 3795 734 3845 ho.
782 3803 895 3844 numerat
906 3794 997 3846 Cicero
1008 3797 1081 3845 Orat.
1094 3813 1118 3844 c.
1135 3813 1159 3846 r.

238 3869 320 3920 ‘minis
336 3881 454 3938 tanquam
473 3868 499 3920 in
509 3868 609 3918 duabus
621 3864 733 3916 lancibus
781 3907 785 3912 .
819 3861 974 3915 renovem
983 3863 1136 3935 Lyricorum]
1177 3865 1273 3919 uit-ul.

242 3953 271 3986 ea
288 3935 410 4010 suspendi,
422 3942 460 3989 ita
475 3935 575 3990 alternis
591 3949 619 3986 ea
636 3933 734 3986 attolle,-
782 3949 816 4000 go
834 3931 865 3983 stc
881 3944 1026 3985 enarrantur
1038 3952 1072 3984 ,ex
1090 3936 1200 4004 antiquis
1211 3937 1272 3989 Piu-

240 4007 287 4058 bat
302 4007 516 4078 deprimebatquc.
542 4007 583 4058 At
600 4006 672 4057 illum
686 4023 734 4073 ego
781 4003 837 4054 dari
854 4003 1050 4072 p1·olegnmehis;
1075 4003 1193 4066 Alcaeus,
1212 4009 1273 4076 Sap·

239 4075 367 4130 hominem
391 4077 475 4147 paullo
496 4076 548 4146 poli
568 4075 676 4146 comperi
696 4075 734 4126 in·
781 4073 842 4192 pho,
860 4073 1019 4134 Stesichorus,
1038 4073 1141 4142 ibycus,
1157 4075 1273 4145 Bacchy.

239 4145 407 4207 dusiiflimum
427 4147 568 4206 mortalem,
586 4147 632 4213 qui
650 4161 680 4196 ne
698 4145 734 4196 le-
791 4143 853 4202 ides,
882 4143 1031 4203 Simonides,
1053 4138 1174 4208 Alcmart,
1199 4147 1274 4200 Ana·

240 4217 411 4284 gerequidem
429 4216 492 4268 reste
504 4217 597 4268 Graeca
608 4213 691 4284 pollet,
704 4223 733 4264 ut
782 4229 854 4262 creon
865 4223 889 4264 et
901 4212 1032 4264 Pindarus.
1118 4281 1122 4289 Ι

239 4295 328 4354 putem
345 4295 470 4353 praeunte
486 4285 573 4354 aliquo
590 4283 661 4338 illum
680 4301 733 4337 rer.
819 4284 862 4333 61.
890 4281 1021 4360 Horatius]
1051 4282 1102 4336 Od.
1123 4299 1151 4347 4,
1166 4297 1193 4337 α.
1211 4283 1272 4341 Βία·

242 4353 283 4406 aa
296 4355 399 4414 Homeri
410 4354 542 4408 edidicisse.
579 4389 582 4394 ‚
719 4385 725 4402 ,
782 4351 1047 4420 durumqucqurs&c.
