3014 4918
259 427 319 486 33⁸
514 411 559 470 M.
581 409 707 470 FABII
729 409 1077 472 QUINCTILIANI

257 571 439 660 Polygnotus
462 585 558 724 adue
583 573 774 662 Aglaophon,
792 596 927 722 ‹puorum
954 573 1083 660 fimplex
1109 571 1198 638 color
1219 583 1288 640 tam

255 659 301 722 sui
316 659 465 723 studiosos
480 683 498 723 a
520 660 584 724 huc
601 660 709 738 habet,
726 673 763 725 ut
779 661 799 724 il
814 683 832 724 n
846 682 941 746 prope
955 659 1056 738 rudia,
1072 681 1109 724 ac
1132 659 1219 723 velut
1233 661 1286 724 fu-

254 757 336 808 turoe
359 765 434 808 mox
457 745 532 809 artis
554 745 726 832 primordia
748 745 906 824 maximis,
921 746 976 830 qui
998 745 1063 830 post
1084 765 1139 808 eos
1158 745 1285 808 exstite-

254 841 340 906 runt,
363 830 547 894 trucioribus
561 842 575 869 ¹
602 829 818 916 preferantur,
841 831 967 916 proprio
996 830 1134 916 quodam
1164 829 1285 894 intelli·

278 913 376 978 endi²
401 920 451 998 (ut
473 937 543 978 men
565 915 625 980 fert
646 915 765 1001 opinio)
790 915 925 978 ambitu.
970 916 1038 980 Post
1059 917 1168 980 Zeuxis
1189 927 1321 1001 atquet,

252 937 432 1084 Parrhastus
449 1022 513 1064 non
528 1001 667 1065 multum
685 1013 777 1064 aetate
793 1001 941 1064 distantes
966 999 1065 1084 (circe
1087 1000 1284 1088 Peloponne-

253 1084 294 1148 fia
316 1085 412 1150 ambo
436 1099 601 1172 tempora3
634 1109 708 1150 nam
734 1109 808 1150 cum
837 1085 993 1149 Parrhasio
1017 1085 1118 1149 sermo
1147 1086 1286 1151 Socratis

254 1169 339 1254 apud
357 1171 606 1258 Xenophontem
621 1171 793 1250 invenitur)
812 1171 985 1256 plurimum
1002 1171 1060 1235 arti
1082 1170 1283 1236 addiderunt.

254 1256 402 1320 Quorum
431 1255 517 1342 prior
545 1255 703 1320 luminum
733 1257 983 1342 umbrarumque
1011 1255 1158 1320 invenisse
1187 1256 1284 1320 ratio·

254 1361 341 1419 nem,
357 1341 512 1406 secundus
527 1341 714 1404 examinasse
735 1340 882 1406 subtilius
897 1339 995 1405 lineas
1010 1339 1155 1405 traditur.
1199 1343 1284 1404 Nam
1295 1353 1317 1425 5

254 1426 373 1490 Zeuxis
387 1424 457 1511 pl'us
472 1425 624 1490 membris
638 1425 777 1514 corporis
798 1426 898 1504 dedit,
914 1426 947 1489 id
962 1425 1099 1512 amplius
1114 1438 1210 1523 atque
1225 1448 1283 1490 au·

252 1511 398 1598 gustium
421 1522 520 1586 ratus,
542 1524 637 1595 atque
665 1514 715 1594 (ut
739 1511 930 1592 existimant)
961 1511 1120 1575 Homerum
1144 1514 1284 1591 iecutus,

252 1595 308 1659 cui
336 1592 518 1658 validiffima
541 1617 613 1681 quae
637 1618 677 1659 ue
704 1597 806 1660 forma
831 1597 927 1660 etiam
956 1596 989 1659 in
1015 1594 1143 1659 feminis
1162 1595 1283 1743 placet.

252 1680 315 1744 Ille
339 1701 412 1743 vero
434 1679 480 1742 ita
500 1619 740 1770 circumieripfit
757 1681 876 1762 omnia,
890 1694 927 1746 ut
945 1685 1044 1746 eumb
1063 1681 1159 1766 legum
1174 1693 1284 1746 atorern

251 1777 380 1841 vocent,
396 1763 470 1850 quia
488 1764 619 1830 deorum
637 1780 733 1852 atque
754 1767 887 1830 heroum
909 1766 1042 1854 effigies,
1057 1766 1167 1852 quales
1187 1768 1284 1831 abeo

250 1849 347 1914 suntc
371 1850 508 1929 traditae,
522 1851 632 1930 ceteri,
648 1861 810 1939 tamquam
833 1853 877 1916 ita
899 1851 1018 1916 necelle
1033 1853 1080 1928 srt,
1097 1850 1282 1937 lequuntur.
1317 1914 1321 1932 ί

250 1935 374 2002 Floruit
388 1948 506 1998 ¹autern
531 1936 614 2000 circa
641 1937 836 2024 Philippum,
857 1950 890 2000 et
913 1937 1012 2022 ulque
1035 1936 1075 2000 ad
1098 1936 1318 2002 successores6

250 2019 436 2099 Alexandri,
450 2019 572 2106 pictura
586 2021 756 2108 praecipue,
770 2022 837 2086 sedd
854 2022 979 2086 diversis
994 2021 1176 2086 virtutibus.
1194 2023 1283 2086 Nam

251 2117 352 2172 curne
369 2107 557 2192 Protogenes,
572 2106 694 2171 ratione
709 2107 885 2196 Pamphilus
904 2129 940 2170 ac
962 2107 1162 2187 Melanthius,
1177 2107 1281 2171 facili-

249 2205 318 2256 tate
344 2192 422 2256 Anti
442 2192 532 2271 hilus,
559 2193 776 2280 concipiendis
806 2192 972 2256 visionibus
1003 2197 1096 2277 (quas
1123 2191 1282 2270 porrarias

249 2279 381 2358 vocant)
428 2279 500 2341 heon
516 2277 633 2340 Samius
643 2277 665 2356 s,
680 2277 813 2366 ingenio
826 2291 859 2340 et
873 2277 986 2364 gratia,
1002 2297 1098 2362 quom
1113 2276 1145 2338 in
1166 2273 1197 2336 se
1219 2274 1283 2358 ipse

248 2363 390 2426 maxime
411 2361 518 2445 iaciat,
534 2361 654 2449 Apelles
674 2365 717 2426 est
736 2362 1012 2448 praestantissimus.
1056 2361 1283 2448 Euphranorem

250 2435 472 2512 admirandum
498 2447 587 2526 facit,
609 2446 697 2535 quod
722 2459 756 2512 et
781 2445 893 2511 ceteris
915 2445 1045 2531 optimis
1069 2444 1176 2509 studiis
1200 2443 1284 2508 intes

249 2531 1022 2682 lrss⁰ipiis'·1·et·pilageididifi'geniiquioidmi
1045 2529 1146 2629 mirus
1169 2529 1284 2686 eptTiEesx
1318 2619 1320 2624 Α

249 2640 370 2768 tt„
384 2630 1315 2802 {tzittattttttut‘ttpn{tnttttegn⁷

250 2789 384 2852 Calamis
397 2789 418 2866 ¹,
432 2787 579 2852 molliora
599 2789 708 2853 adhue
719 2789 810 2884 supra
824 2787 916 2851 dictis
931 2788 1044 2872 Myron
1062 2785 1150 2885 lecit.
1194 2785 1279 2850 Dili-

249 2874 360 2963 gentia
375 2894 412 2940 ec
426 2872 522 2937 decor
536 2873 570 2936 in
587 2874 732 2960 Polycleto
747 2879 836 2961 tupre
851 2886 993 2937 ceteros:
1018 2893 1071 2937 cur
1087 2893 1281 2958 quemquam

282 3073 294 3099 ¹
313 3067 441 3130 plausibus
452 3069 577 3128 praefennt
587 3068 619 3116 G.
737 3073 748 3100 ²
767 3069 842 3119 modo
852 3068 892 3132 inf
903 3069 966 3117 lens.
1078 3075 1088 3100 ¹
1107 3069 1228 3129 angustius
1239 3069 1280 3116 r'r'd.

251 3128 384 3180 ⁶cumG.
450 3132 594 3180 ‘malent
659 3130 771 3196 dexirfi
783 3133 887 3182 esent.
953 3134 1113 3180 ‘cumhent
1185 3130 1287 3180 ‘Sam

249 3197 305 3244 nius
317 3197 347 3244 G.
413 3201 423 3230 ⁸
437 3195 527 3256 Hegias
538 3197 591 3257 eory'.
604 3196 700 3245 Brouklr.
711 3197 744 3244 ad
752 3199 819 3264 Prop.
832 3212 856 3258 3,
869 3210 893 3256 7,
907 3211 946 3255 ιο,
958 3208 979 3244 et
985 3197 1067 3259 probat
1076 3199 1158 3246 narn.
1213 3195 1233 3244 l!
1244 3197 1280 3246 la-

249 3262 285 3308 mi
296 3261 379 3322 frigida
389 3259 451 3307 Jent'.
518 3261 524 3291 ¹
543 3261 642 3310 Calinus
653 3263 684 3309 G.

287 3427 312 3474 3.
338 3406 486 3474 intelligendi
507 3407 613 3472 ambitu]
641 3409 679 3466 Ut
702 3410 740 3461 vi·
788 3409 892 3461 statuum
909 3424 1000 3460 canona
1016 3407 1131 3460 dicebant
1152 3407 1218 3462 Plin.
1235 3429 1279 3476 34,

247 3478 353 3530 deantur
371 3477 467 3545 aliquid
484 3477 628 3546 intelligere,
641 3495 685 3530 nec
697 3495 739 3532 ru·
790 3482 815 3540 8,
829 3480 848 3530 s.
862 3498 904 3547 ¹⁹·

247 3549 301 3612 des,
314 3547 351 3600 sed
364 3546 488 3616 eleganter
500 3547 577 3608 dour,
589 3559 613 3598 et
626 3547 684 3601 belli
694 3548 740 3600 lro-
824 3550 849 3599 6.
868 3546 1023 3617 concipiendis
1042 3545 1185 3615 visionibus]
1215 3548 1276 3600 Vid.

246 3621 327 3672 mines
338 3616 391 3679 else,
403 3616 463 3670 talia
478 3615 580 3669 laudant
597 3617 683 3680 etiam,
694 3620 741 3687 qui
788 3617 860 3686 supra
872 3621 896 3678 6,
910 3637 935 3679 2,
949 3637 993 3684 ²9·

247 3706 297 3750 uon
315 3683 430 3758 probant.
460 3687 528 3738 Plin.
545 3705 586 3751 34,
600 3706 626 3748 2,
639 3687 658 3737 s.
672 3705 697 3752 3,
709 3687 740 3739 de
824 3690 850 3738 6.
869 3687 962 3755 ingenio
980 3697 1004 3738 et
1019 3686 1121 3754 gratia]
1144 3685 1211 3737 Plin.
1226 3703 1278 3756 =35,

248 3777 297 3812 aere
311 3756 454 3818 Corinthio,
466 3755 536 3810 Mira
553 3756 620 3808 circa
636 3755 664 3810 id
678 3756 742 3810 mul·
790 3773 832 3817 ro,
846 3758 864 3810 s.
879 3761 920 3822 36,
943 3757 1072 3826 Pracipua
1083 3755 1183 3826 Apellis
1195 3754 1221 3808 in
1233 3772 1278 3806 ar-

247 3839 328 3880 tarum
339 3825 532 3894 offellatiosuit.
548 3827 581 3879 m
592 3823 651 3877 mihi
661 3827 740 3896 major
787 3833 810 3876 te
827 3826 937 3880 venustas
950 3826 1014 3892 fuit,
1031 3844 1084 3876 cum
1104 3826 1186 3882 eadem
1204 3834 1279 3877 aetnte

244 3908 306 3967 pars
322 3913 403 3948 rorum
413 3894 597 3961 fimulareeam
607 3895 738 3965 scientiam
786 3894 892 3950 maximi
905 3895 1010 3964 pictores
1023 3895 1101 3963 spent,
1113 3911 1212 3965 quorum
1223 3901 1278 3961 ope-

249 3966 363 4027 videtur,
374 3967 411 4016 ad
411 3966 576 4034 segregandos
579 3965 740 4035 seacaeteris
786 3981 819 4014 ra
847 3983 901 4016 cum
928 3963 1107 4024 admiraretur,
1135 3962 1283 4016 collaudatis
1380 3987 1388 4004 ν

250 4034 339 4103 magis,
357 4052 431 4103 quam
447 4033 580 4102 intelligere
595 4033 691 4104 aliquid
704 4033 740 4086 ihi
786 4033 902 4094 omnihus,
914 4034 985 4101 deeffe
1001 4033 1048 4084 illis
1064 4050 1137 4084 unam
1148 4030 1215 4083 illam
1227 4035 1278 4084 Ve-

239 4104 363 4178 fiobtilius.
437 4105 440 4112 '
785 4120 866 4154 nerem
879 4103 983 4164 dicebat,
995 4120 1069 4172 quarn
1083 4101 1167 4153 Graeci
1183 4101 1278 4157 charite
1362 4127 1369 4134 ·

283 4192 310 4238 4.
336 4173 404 4242 apud
421 4171 611 4240 Xenophontem]
639 4173 739 4228 Menro·
787 4183 899 4229 vorant.-
930 4183 1021 4224 caetera
1043 4169 1124 4222 omnia
1152 4169 1278 4243 contigrffl,

247 4240 407 4298 rab.Socr.l
432 4261 456 4305 3,
470 4259 493 4292 c.
509 4260 552 4292 10.
778 4239 1225 4320 sodhacsolosthiutmintmparem.

269 4333 310 4391 ὲ,5.
328 4277 519 4382 legumlatorem]
537 4311 606 4365 Sicut
617 4309 739 4383 Polycleti
884 4315 887 4320 “
