2942 4928
334 353 518 426 11NsT1T,
540 355 738 428 ORATOR.
758 357 840 418 ΗΒ.
862 359 945 420 VIII.
967 378 999 435 3.
1148 378 1183 436 ³3

33 490 34 507 i
106 529 144 598 29
159 514 314 582 Cimber·
337 517 391 584 hio
414 517 523 601 fuine
544 541 610 608 quo
629 517 757 588 fratrem
773 533 920 588 necatum
937 521 1002 592 hoc
1015 521 1182 588 Ciceronis

155 601 243 672 ditio
258 613 409 668 notatum
424 605 479 680 est,
500 606 678 670 Germanum
693 607 808 671 Cimber
821 609 933 674 occidit.
987 608 1059 694 Nec
1074 607 1181 674 minua

155 701 233 751 noto
247 687 412 754 Sallustius
425 690 656 778 epigrammate
671 691 839 773 incellitur,

116 819 119 860 ῑ
228 821 232 828 ’
282 807 330 872 Et
342 807 436 872 uerba
449 809 566 896 antiqui
578 807 701 874 multum
710 809 822 894 furate
838 811 957 875 Catonis

326 892 438 982 Crispe,
453 893 648 982 hegurthinae
662 895 791 958 conditor
803 897 838 958 ht
857 897 940 962 crica

103 1037 144 1103 30
157 1012 276 1096 Odiosa
300 1046 394 1090 cura:
417 1047 491 1090 nam
518 1025 583 1090 elib
606 1024 740 1090 cuilibet
761 1025 874 1104 facilia,
890 1039 922 1090 et
941 1021 1002 1090 hoc
1022 1026 1180 1114 pcffima⁶,

154 1109 266 1196 quodd
289 1110 357 1174 reie
368 1109 529 1190 ‚studiosus
544 1133 607 1174 non
623 1111 718 1174 verba
732 1112 827 1176 rebus
842 1109 973 1197 apta'vit,
988 1111 1041 1176 sed
1055 1133 1104 1176 res
1122 1135 1179 1178 ex-

112 1267 116 1274 ,
156 1194 308 1258 trinsecus
321 1195 452 1274 arceffit,
465 1195 582 1280 quibus
598 1195 666 1260 haec
678 1198 771 1260 verba
785 1197 987 1262 conveniant.
1032 1197 1181 1284 Fingere,

117 1281 120 1288 ’
155 1291 192 1344 ut
206 1278 310 1364 primo
323 1279 406 1346 libro
419 1280 498 1358 dixi,
512 1281 631 1344 Graecis
646 1282 749 1368 magis
764 1281 941 1346 concellum
956 1283 1010 1359 eil,
1027 1282 1084 1368 qui
1097 1283 1182 1346 sonia

156 1361 252 1430 etiarn
278 1365 466 1450 quibusdam
490 1379 524 1430 et
544 1365 707 1430 affectibus
731 1389 794 1429 uon
815 1366 1038 1430 dubitaverunt
1052 1367 1183 1432 nomina

157 1461 285 1534 aptare:
309 1471 372 1514 non
386 1450 449 1514 alia
462 1449 618 1528 libertate,
634 1472 730 1536 qaam
746 1451 831 1537 quaf
852 1451 899 1515 illi
921 1452 1014 1538 primi
1037 1449 1185 1515 hominen
1206 1514 1208 1518 ,

106 1546 143 1611 31
157 1535 250 1598 rebus
264 1534 492 1631 appellationes
505 1535 672 1600 dederuut.
713 1536 821 1600 Nostri
835 1548 954 1615 autem,
970 1537 1002 1600 in
1011 1535 1183 1624 jungendo

157 1630 212 1682 aut
226 1618 398 1684 derivando
412 1619 556 1706 paullum
571 1619 693 1706 aliquid
707 1621 782 1699 ausi,
798 1621 849 1686 vix
870 1621 904 1684 in
925 1621 987 1686 hoc
1009 1622 1081 1686 satis
1099 1621 1181 1686 reci-

156 1703 299 1788 piuntur.
342 1705 429 1768 Nam
454 1705 586 1770 memini
602 1703 731 1790 juvenis
745 1705 918 1770 admodum
937 1707 1018 1770 inter
1043 1709 1181 1793 Pompo·

157 1788 247 1852 nium
269 1801 304 1853 et
326 1790 478 1853 Senecam
503 1789 599 1852 etiam
614 1789 924 1876 praefationibus'essc
938 1791 1120 1870 trattatum,
1142 1813 1182 1858 an

153 1873 271 1959 gradus
293 1873 438 1953 eliminat,
458 1874 564 1960 apudg
579 1874 717 1956 Accium
740 1875 773 1938 in
789 1875 972 1965 Tragoedia,
1002 1876 1064 1940 dici
1086 1899 1183 1964 opor-

157 1958 272 2021 tuillct.
318 1959 365 2022 At
387 1973 506 2023 veteres
524 1981 564 2022 na
579 1967 743 2044 expectorat
757 1960 885 2046 quidem
909 1961 1095 2025 timuerunt.
1140 1963 1184 2025 Er

107 2056 147 2122 32
158 2041 229 2106 sane
249 2041 390 2129 ejusdem
410 2057 494 2107 notae
508 2045 562 2123 cst,
577 2045 736 2108 exanimat.
784 2046 827 2109 At
847 2045 879 2108 in
894 2046 1018 2110 triaue
1035 2059 1068 2109 et
1081 2045 1182 2110 decli-

158 2127 288 2192 natione
307 2127 383 2194 talia
404 2127 486 2210 sunt,
500 2127 608 2215 qualia
622 2129 704 2217 apud
721 2129 910 2194 Ciceronem
927 2131 1051 2194 beatitas
1065 2144 1098 2195 et
1113 2131 1183 2194 bea·

37 2260 40 2305 l

35 2340 37 2396 l
162 2341 201 2376 '⁸
220 2345 313 2393 Cimbri
323 2347 354 2393 C.
419 2345 661 2410 betereanpun.
725 2345 880 2410 ‘pcffimum
892 2347 923 2395 G.
934 2347 997 2396 lens.
1061 2337 1142 2410 d'quia
1153 2347 1184 2398 G.

157 2409 366 2478 {Vrddengun
432 2408 615 2464 ‘amarent
679 2411 911 2474 ‘ap.Acc.om.lid.
976 2405 1151 2462 atrabatem.

156 2609 226 2660 tione
242 2625 342 2660 enecare
358 2610 498 2662 auditorese
512 2627 603 2678 *neque
619 2627 647 2660 o·
696 2625 747 2678 qua
758 2609 891 2660 Cimbrum
911 2609 943 2660 ab
957 2628 986 2661 eo
996 2621 1107 2660 notatum
1119 2610 1184 2663 dixi-

156 2690 213 2748 pue
223 2677 294 2730 fuill'e
311 2679 360 2730 alio
376 2695 467 2732 veneno
487 2679 517 2730 ad
538 2679 648 2740 fratrem,
695 2693 761 2736 mire,
771 2679 836 2746 apud
849 2681 948 2730 Sucron.
958 2696 1012 2747 cap.
1023 2683 1065 2728 86.
1082 2680 1184 2730 uiver-

158 2765 234 2816 quem
245 2746 402 2808 interfecerit,
421 2747 554 2801 tollendum
572 2765 647 2800 eme·
696 2745 741 2806 bis,
753 2761 807 2814 quir
820 2746 915 2818 Crispus
929 2746 1053 2816 Sallustius
1069 2747 1184 2818 excerpfit

158 2817 212 2868 dio.
254 2819 350 2868 Venena
376 2828 450 2868 vocat
471 2817 549 2870 malos
577 2817 649 2870 verb·
695 2831 728 2867 rx
740 2814 1100 2884 OriginibusCatonismtaris.

158 2885 231 2938 culos
253 2886 371 2938 Catullus
389 2903 413 2937 c.
429 2903 470 2948 14,
488 2897 513 2938 et
530 2905 554 2938 c.
567 2903 601 2949 42
618 2903 647 2938 o·
734 2899 775 2947 30.
793 2885 876 2936 verba
894 2885 965 2938 rebus
987 2886 1103 2954 aptavit]
1131 2887 1183 2942 Nisi

160 2957 279 3006 rationem
286 2953 385 3023 plenam
395 2954 488 3006 veneni
501 2965 526 3008 rt
538 2954 648 3037 pefflen-
695 2951 799 3022 aptavit
808 2955 893 3019 &aaron
909 2955 1002 3006 Gracc
1019 2973 1085 3007 more
1102 2955 1184 3008 suma-

159 3023 212 3080 tiae.
231 3026 318 3076 Unum
335 3025 473 3088 adjicimus,
485 3042 582 3094 egregie
598 3025 647 3076 huc
695 3033 746 3082 tur,
759 3023 825 3090 quod
836 3020 957 3075 familiare
968 3025 1099 3093 praesertim
1112 3027 1182 3079 Sene-

160 3093 307 3146 advocatum
331 3111 346 3144 a
369 3094 512 3145 Burmanno
539 3095 648 3146 Suetonii
696 3109 747 3155 cae5
768 3091 897 3160 legendum
918 3094 1016 3144 videtur
1037 3103 1123 3162 uptat3
1148 3097 1183 3150 se-

160 3161 243 3216 locum
259 3163 333 3232 Aug.
349 3167 391 3223 86,
409 3163 453 3213 ubi
470 3163 502 3213 ab
518 3163 571 3232 ipso
588 3163 647 3216 Au·
696 3161 783 3228 quitur
810 3162 874 3212 enim
901 3163 1001 3226 arceffit‚
1026 3164 1184 3228 conveniant,

160 3233 241 3299 gullo,
251 3233 385 3299 Tiberium
397 3231 467 3282 suum
479 3243 600 3292 monente,
610 3233 647 3283 in-
697 3247 753 3298 quae
765 3245 852 3298 parum
864 3229 903 3280 res
916 3233 1005 3283 ondent
1015 3233 1148 3300 praeterito.

162 3312 198 3350 ter
214 3300 292 3352 malos
309 3301 424 3370 loquendi
443 3300 553 3354 entiores
566 3303 647 3370 (quae·
735 3316 776 3362 30.
796 3297 875 3366 primo
896 3249 970 3366 libro]
1003 3319 1027 3362 1,
1047 3320 1072 3368 5,
1094 3321 1124 3366 71
1145 3303 1182 3374 sq.

160 3387 259 3439 cunque
269 3370 299 3420 de
316 3371 410 3438 reliquo
426 3369 453 3420 sit
470 3369 536 3420 illiue
548 3369 595 3422 loci
610 3369 648 3422 vel
697 3367 769 3420 Add.
783 3372 809 3430 8,
822 3371 848 3428 6,
859 3385 901 3432 31.
981 3371 983 3384 ’

161 3438 281 3509 scriptura
306 3440 384 3490 verior
408 3439 447 3491 vel
469 3439 647 3508 interpretatio)
734 3457 776 3501 3¹·
791 3437 887 3506 gradus
905 3436 1026 3503 eliminat]
1057 3441 1134 3492 Extra
1151 3441 1185 3493 li·

164 3507 258 3566 Cimber
268 3507 380 3560 refertur.
696 3522 752 3558 men
765 3505 865 3576 profert,
877 3507 951 3557 domo
962 3508 1096 3576 egreditur.
1125 3513 1184 3564 Non

198 3597 241 3646 29.
260 3577 379 3630 &raonis
390 3577 465 3642 atto]
487 3575 650 3630 Acerbillirno
697 3574 738 3636 est,
751 3587 779 3626 ut
800 3575 965 3626 adscribamus
983 3577 1042 3638 huc,
1054 3595 1110 3647 quae
1127 3597 1184 3634 cum

162 3643 207 3700 illo
221 3647 287 3702 Phil.
303 3648 421 3708 11,6,ln
439 3647 534 3698 recensu
546 3645 649 3715 satyrico
697 3646 802 3696 maxime
813 3645 839 3696 in
850 3643 979 3696 Thesauro
989 3648 1022 3698 L.
1036 3647 1068 3698 L.
1083 3649 1185 3720 Stepha-

163 3718 282 3770 exercitus
299 3715 448 3776 Antoniani,
460 3715 551 3768 Lumen
566 3725 590 3766 et
607 3717 650 3766 de·
697 3715 770 3764 niano
780 3712 949 3764 retratlarnus.

164 3781 648 3854 curilliusexercitusprnepraeterii,T.
678 3833 681 3837 ,
734 3799 775 3848 32.
793 3785 876 3842 tratlu
893 3793 916 3834 et
931 3782 1031 3848 dadin]
1062 3787 1098 3838 Ut
1109 3789 1186 3842 nimi.

164 3855 268 3908 Annium
290 3852 544 3924 Cimbrum,'Lylulici
557 3851 649 3922 filium,
699 3869 754 3903 rum
776 3864 859 3902 nomen
881 3852 919 3905 vel
938 3869 1061 3920 cognomen
1083 3857 1184 3911 trahere

165 3925 374 3995 Lyſsclirumr'psum
385 3922 582 3990 [Graecovrrlo]
595 3939 652 3990 quo·
700 3919 793 3988 aliquid
812 3923 843 3971 ab
861 3921 936 3973 altero
955 3923 1058 3976 dicitur.
1078 3923 1186 3980 Trebia-

165 3994 230 4046 niam
240 3993 322 4048 amnia
325 3994 394 4062 jura
406 3990 523 4060 diffolvitx
537 3990 581 4060 nist
582 3992 652 4057 forte
699 3986 784 4041 tiorum
805 3999 877 4041 vocat
899 3991 955 4043 Cic.
974 3992 1064 4046 Partit.
1083 4013 1138 4066 cap.
1160 4017 1185 4064 5,

161 4064 213 4131 jure
223 4067 328 4116 Cimber
340 4063 497 4114 Germanum
508 4061 607 4112 occidit.
700 4059 745 4111 ubi
763 4071 887 4128 ponuntur
898 4061 973 4112 verba
983 4062 1014 4112 ab
1031 4074 1126 4118 oratore
1136 4084 1186 4120 mo.

197 4137 238 4201 2'9.
250 4131 323 4184 'Sallu
344 4131 396 4192 ius]
408 4127 519 4179 Acciilat
528 4128 596 4187 illum
605 4129 652 4180 hoc
700 4127 810 4196 disiecta,
822 4137 846 4180 et
856 4127 948 4197 inflexa
960 4133 1139 4200 quodammodn

161 4207 256 4257 nomine
278 4199 419 4272 Augustus
442 4198 523 4250 eadem
545 4197 652 4267 epistola,
1025 4213 1026 4216 ’
1119 4203 1121 4212 ’

724 4303 781 4368 04
