3030 4924
466 375 632 436 INSTlT.
654 372 856 434 ORATOR.
877 373 960 432 LlB.
981 375 1018 433 X.
1040 391 1068 434 a.
1228 393 1288 454 ¹99

251 535 396 602 tulerunt
408 537 433 616 l,
447 537 587 626 antiquis
602 539 634 604 se
655 559 745 622 pares
761 537 894 602 credunt
906 563 914 600 ι
926 536 993 624 qui
1008 545 1117 602 carent
1130 534 1221 602 cultu
1235 547 1286 605 ate

251 643 315 706 que
330 623 504 702 sententiis,
520 623 640 688 Atticis
657 623 776 688 seilicet
789 623 818 686 ¹2
841 622 896 708 qui
918 622 1051 708 praecisrs
1072 619 1283 686 conclufioni-

250 705 311 770 bus
347 709 483 786 obscuri,
511 709 692 778 Sallustium
729 721 825 794 atque
853 707 1093 795 Thucydidem*
1112 707 1279 796 superant:

249 792 350 856 tristes
366 805 402 856 ac
416 793 519 879 jejuni
539 794 714 858 Pollionem
732 793 942 858 aemulantur:
966 791 1054 858 otiosi
1077 805 1110 857 et
1129 791 1241 878 supini,
1258 793 1279 860 fi

249 877 328 960 quid
343 879 441 942 modo
456 877 582 966 longius
600 877 893 957 circumduxerunt,
906 875 1018 964 jurant
1030 878 1075 942 ita
1090 876 1280 950 Ciceronem

198 955 235 1020 18
250 960 474 1046 loquuturum'
497 963 614 1030 fuisse..
640 965 803 1028 Noveram
825 963 988 1050 quosdam,
1012 964 1068 1050 qui
1094 963 1125 1026 se
1146 963 1280 1050 pulchre

250 1069 289 1111 ex
312 1047 421 1113 redisse
442 1071 545 1134 genus
568 1047 650 1112 illud
672 1043 805 1112 coelestis
826 1047 920 1135 hujus
941 1048 975 1111 in
998 1047 1135 1112 dicendo
1149 1048 1205 1112 viri
1222 1047 1279 1112 fibi

168 1189 173 1202 ,
249 1069 475 1214 viderentur,fi
496 1135 529 1198 in
549 1133 687 1200 clausula
709 1131 886 1220 posuissent,
902 1133 975 1232 Effe
994 1131 1146 1198 videatur.
1189 1135 1279 1220 Ergo

248 1217 387 1302 primum
403 1219 456 1298 est,
468 1232 516 1297 ut,
531 1221 618 1305 quod
631 1219 813 1284 imitaturus
825 1219 867 1282 est
880 1217 1026 1305 quisque,
1043 1217 1216 1306 intelligat,
1231 1231 1279 1302 et,

249 1323 346 1386 quare
364 1305 485 1368 bonum
508 1303 555 1384 fit,
572 1305 658 1368 sciat.
701 1305 788 1367 Tum
811 1303 843 1367 in
864 1300 1062 1402 suscipiendo
1082 1325 1178 1366 onere
1198 1325 1277 1368 con-

198 1401 236 1468 19
250 1386 330 1452 sulat
353 1389 422 1453 suas
444 1389 535 1454 vires.
578 1391 664 1454 Nam
688 1387 834 1476 quaedam
859 1387 931 1452 sunt
949 1386 1149 1453 inimitabilia
1158 1399 1189 1466 ¹¹¹,
1203 1386 1277 1474 qui-

250 1471 310 1536 bus
330 1487 387 1544 aut
406 1473 572 1538 infirmitas
593 1490 714 1540 naturae
729 1496 793 1538 non
816 1471 958 1553 sufficiat,
974 1484 1030 1538 aut
1049 1472 1207 1538 diversitas
1225 1477 1278 1537 re·
1346 1543 1349 1550 .

247 1551 384 1646 pugnet.
427 1561 512 1639 Nec,
529 1561 580 1625 cui
605 1576 701 1625 tenue
721 1558 753 1623 in
799 1557 889 1624 nium
912 1559 985 1638 erit,
999 1557 1063 1622 sola
1084 1558 1161 1624 velit
1182 1557 1279 1624 sortia

248 1655 283 1706 et
303 1646 454 1731 abrupta:
489 1646 564 1710 cuin
584 1643 667 1709 forte
693 1645 749 1730 qui
774 1667 838 1724 em,
859 1643 912 1708 sed
936 1643 1145 1723 indomitum,
1169 1665 1279 1712 amore

248 1727 453 1794 subtilitatis⁰
468 1744 501 1794 et
515 1731 579 1793 vim
595 1732 679 1794 suam
719 1729 818 1807 erdat,
834 1738 867 1792 et
880 1727 1084 1815 elegantiam,
1100 1749 1196 1816 quarn
1218 1753 1281 1798 cua

248 1813 307 1898 pit,
323 1837 386 1878 non
402 1813 460 1878 asse
484 1829 610 1880 uaturr.
653 1753 748 1879 Nihil
763 1815 805 1878 est
819 1814 906 1878 enim
921 1827 987 1877 tarn
1002 1813 1163 1893 indecens,
1179 1837 1278 1902 quam
1304 1867 1306 1877 ,

194 1912 235 1960 20
250 1919 322 1962 curn
339 1900 448 1963 mollia
462 1837 559 1964 durat
576 1901 665 1964 hunt.
701 1900 812 1986 Atque
827 1922 844 1964 e
870 1898 952 1964 oilli
965 1900 1163 1985 praeceptori,
1178 1922 1279 1986 quem

249 1981 441 2049 institueram
457 1985 489 2048 in
505 1986 586 2050 libro
602 1983 750 2063 secundm
766 1923 881 2048 tradidi
895 1997 905 2024 ¹
920 2005 984 2049 non
1000 2005 1037 2048 ea
1050 1985 1114 2050 sola
1133 1984 1279 2064 docenda

249 2067 319 2149 esse,
336 2069 375 2132 ad
399 2094 473 2158 quae
497 2092 660 2158 quemque
682 2068 907 2156 discipulorum
934 2081 1045 2134 natura
1068 2070 1277 2155 compositum

247 2153 380 2226 videret.
425 2157 511 2220 Nam
536 2156 563 2219 is
586 2169 619 2218 et
641 2153 787 2240 adjuvare
802 2154 910 2234 debet,
924 2177 995 2240 quae
1016 2154 1048 2218 in
1071 2175 1201 2300 quoque
1221 2177 1280 2224 eos
1338 2230 1343 2239 .

247 2260 319 2304 rum
342 2240 515 2324 invenerit⁵
542 2242 638 2320 bona,
661 2253 705 2318 ct,
725 2252 880 2326 quantum
904 2239 970 2304 fieri
995 2243 1107 2325 potes,
1128 2237 1279 2326 adjicere,

246 2346 317 2410 quae
343 2325 468 2405 desunt,
491 2339 525 2391 et
548 2324 715 2392 emendare
743 2325 890 2411 quaedam
918 2338 952 2388 et
980 2340 1115 2391 mutare.
1159 2326 1279 2396 Redot

246 2409 332 2474 enim
359 2411 401 2474 est
421 2412 597 2476 alienorum
618 2410 820 2496 ingeniorum
844 2423 939 2560 atque
962 2408 1135 2476 formator:
1153 2409 1277 2476 *diffici-

194 2495 234 2558 εἰ
247 2493 310 2560 lius
325 2497 367 2560 est
382 2511 526 2562 naturam
547 2499 633 2560 suam
656 2497 786 2582 tingere.
832 2497 872 2560 Se
917 2518 958 2560 ne
978 2494 1033 2558 ille
1047 2494 1177 2581 quidem
1198 2495 1278 2561 doc-

247 2592 309 2658 tor,
326 2602 521 2667 quamquam
544 2581 663 2658 omnia,
679 2601 752 2664 quae
775 2579 861 2644 resta
881 2579 963 2657 sunt,
980 2579 1058 2644 velit
1079 2579 1139 2642 esse
1162 2579 1194 2643 in
1216 2581 1280 2654 suis

247 2663 445 2730 auditoribus
470 2688 567 2751 quam
592 2665 777 2750 plenissima,
792 2664 825 2728 in
852 2686 891 2728 eo
913 2679 1035 2742 tamen,
1056 2664 1109 2728 cui
1132 2679 1279 2742 naturam

248 2747 367 2813 obstare
381 2749 508 2830 viderit,
522 2749 691 2820 laborabit.
737 2748 776 2813 Id
796 2770 926 2836 qnoque
946 2747 1126 2828 vitandum,
1144 2749 1189 2832 (in
1212 2772 1280 2837 quo

248 2855 366 2921 magna
387 2855 457 2933 pars
479 2837 573 2915 errat)
591 2849 630 2902 ne
653 2833 687 2900 in
708 2832 853 2898 oratione
872 2845 981 2920 poetas
997 2833 1090 2898 nobis
1104 2846 1137 2897 et
1152 2833 1277 2900 histori-

247 2940 316 3006 pos,
331 2917 365 2992 in
387 2919 534 2989 illorumt
553 2919 701 3006 operibus
720 2932 859 2990 oratores
879 2931 934 3004 aut
954 2919 1180 2986 declamatores
1201 2920 1295 2994 imi...

187 3190 191 3196 ,
278 3137 440 3190 ¹'extulerint
451 3143 482 3194 G.
547 3139 612 3188 ¹om.
626 3143 658 3189 G.
724 3139 878 3203 ¹loquutum
890 3141 922 3190 G.
997 3137 1019 3178 ω’
1035 3142 1162 3190 imitabilia
1172 3139 1203 3191 G.
1214 3143 1279 3192 lens.

248 3211 262 3240 ¹¹
281 3207 374 3267 quieta.
456 3215 468 3238 ⁰
486 3207 637 3256 sublimitatis
649 3209 680 3254 G.
777 3207 864 3269 tpers.
875 3209 904 3256 G.
917 3207 980 3258 ans.
1076 3209 1163 3259 adure
1174 3209 1236 3262 fiunt
1247 3210 1279 3259 G.

242 3271 375 3384 plqpqslquut
385 3272 665 3386 11ειἰἱιςῖξ’(3133οὲιῖμ’μ’
676 3281 713 3334 ap.
725 3273 805 3321 Burm.
901 3281 912 3308 ¹
928 3272 1016 3320 credidi
1026 3272 1091 3322 leus.
1187 3283 1196 3311 ¹
1213 3275 1281 3322 inve·

285 3519 328 3567 18.
341 3515 392 3584 Effe
402 3515 535 3579 videatur]
551 3515 611 3567 Vid.
621 3537 647 3582 9,
656 3533 684 3582 4,
695 3533 737 3580 73.
787 3513 866 3568 studio
877 3527 901 3568 et
918 3514 1080 3569 sdfedaticne
1097 3515 1161 3568 fiunt
1174 3515 1277 3570 molliat

285 3604 327 3652 ¹9·
346 3584 427 3636 mollia
439 3587 503 3636 dura
513 3585 592 3651 fiunt]
619 3589 662 3636 An
675 3583 741 3636 nihil
788 3585 843 3636 sunt
862 3588 927 3638 enim
948 3586 1036 3638 fimilia
1056 3587 1159 3638 Herculi
1181 3588 1206 3638 in
1224 3605 1279 3638 cro·

248 3657 371 3728 peccarint
401 3653 505 3714 librarii,
532 3655 595 3716 haud
610 3656 739 3724 -equidem
788 3667 845 3706 cota
863 3655 1006 3724 Omphales,
1021 3667 1065 3707 aut
1080 3655 1219 3726 elephanto,
1231 3673 1279 3724 pu-

248 3725 362 3784 dixetim,
397 3725 545 3774 Sententiam
570 3723 641 3774 video
663 3737 740 3792 quarn
788 3741 877 3792 erperae
898 3726 1018 3782 Romanae
1041 3725 1141 3777 delicias
1159 3725 1278 3778 imitanti.

249 3793 351 3863 postulet
366 3793 548 3862 argumentatio
563 3793 646 3844 Fabii.
678 3795 702 3844 Si
719 3795 740 3845 is
788 3795 851 3846 Hac
872 3793 989 3846 sententia
1008 3806 1101 3864 aperta.
1130 3794 1175 3846 Sed
1193 3805 1280 3846 utrum

249 3864 291 3914 cui
303 3861 366 3916 sorte
378 3864 403 3915 in
422 3865 505 3914 enitun
517 3864 562 3912 erit
577 3863 691 3930 idemque
703 3863 739 3914 in·
789 3879 843 3914 eam
863 3863 956 3916 Fabius
976 3865 1011 3916 ita
1031 3864 1142 3925 obstrue,
1162 3865 1281 3932 ambigue

249 3931 383 3992 domitum,
404 3881 501 3984 subtilis
520 3945 608 3998 praeter
627 3943 742 3984 naturam
791 3942 865 3994 certe,
885 3932 1000 4001 posuerit,
1021 3951 1069 3984 non
1087 3933 1210 3996 dixerim3
1236 3930 1281 3984 nist

250 4000 318 4055 suam
336 4001 379 4053 asse
400 4001 477 4067 velit3
504 4000 561 4052 hinc
581 4003 633 4052 vim
675 4001 743 4052 erdat
791 3997 855 4052 forte
877 4001 956 4054 studio
977 4002 1058 4054 voluit
1078 4002 1155 4054 eriam
1177 4001 1282 4054 alterurn

248 4069 328 4132 suarii,
341 4071 408 4122 illinc
424 4071 583 4140 elegantiam,
596 4071 637 4122 cni
656 4020 744 4132 dudet,
792 4071 1005 4140 comprehendere,
1015 4073 1126 4124 indecens
1137 4081 1162 4124 et
1172 4072 1218 4122 hoc
1229 4069 1283 4132 etse,

250 4155 300 4190 non
319 4139 477 4208 adsequatur.
502 4141 572 4210 Qid
592 4141 647 4192 ita?
672 4139 744 4192 Nihil
794 4138 878 4208 siquae
896 4141 980 4192 mollin
997 4141 1051 4192 sunt
1070 4159 1112 4210 per
1129 4140 1197 4192 suam
1209 4151 1283 4193 natu·

251 4209 316 4260 eninr
338 4223 390 4260 tarn
413 4211 537 4272 indecens,
549 4227 625 4279 quarn
644 4227 702 4261 cum
718 4227 746 4262 ea
795 4225 859 4271 ram,
870 4207 1033 4264 adfectatione
1044 4210 1105 4263 fiant
1115 4209 1188 4263 dura.

252 4291 309 4346 quae
321 4275 375 4332 sunt
389 4293 477 4331 natura
490 4279 531 4336 sua
545 4281 608 4334 dura
618 4290 643 4332 et
655 4279 746 4342 virilia,

806 4365 867 4428 04
