3026 4930
259 377 316 464 1'36
446 377 464 434 ·ῒ
487 381 534 446 ar.
554 361 1054 444 tnatnomnotttrnnr

257 547 393 616 ultima¹
420 571 494 614 cum
517 543 558 613 X
570 545 727 635 proxima,
745 567 880 634 quaram
900 546 1015 612 tristior
1032 543 1141 624 etiam,
1162 548 1185 612 li-
1202 549 1289 616 binssae

258 635 463 713 collidantur,
481 633 588 699 stridor
611 633 677 697 est:
699 634 775 711 uti,
798 633 884 696 Ανε1
899 631 1077 719 studiorum.
1121 634 1206 700 Quae
1227 628 1339 720 suit3'8

259 721 361 788 caussa
382 734 415 785 et
437 721 547 786 Servio
572 723 623 804 (ut
645 717 724 801 dixi)
748 718 969 783 subtrahendae
993 719 1146 797 Sliterae‚
1163 722 1291 808 quoties

257 806 375 872 ultima
389 805 475 884 esset,
491 805 615 891 aliaque
627 815 646 845 Μ
669 803 861 869 consonante
881 803 1105 892 susciperetur:
1130 807 1217 892 quod
1238 829 1291 872 re-

211 891 215 898 '
283 891 429 957 rehendit
457 891 670 968 tauraniust,
704 888 837 954 Messala
871 889 1044 955 defendit·
1069 891 1153 954 Nam
1185 913 1291 978 neque

258 913 423 1044 lucilium
446 988 561 1062 putant
579 976 633 1039 uti
659 973 770 1039 eadem
796 973 920 1055 ultima,
939 997 1014 1040 cum
1036 973 1127 1056 dicit,
1144 977 1296 1042 Sereeu²⁰

248 1063 331 1152 fuit,
357 1076 402 1144 et,
424 1063 558 1150 digner
585 1061 681 1126 locor.
728 1059 938 1126 Quinetiam*
962 1059 1077 1126 Cicero
1102 1060 1135 1124 in
1158 1063 1292 1127 Oratore
1299 1079 1342 1148 39

258 1150 366 1237 plures
392 1148 597 1236 antiquorum
623 1144 720 1210 tradit
745 1145 786 1208 sic
814 1145 952 1210 locutos.
999 1146 1079 1208 Inde
1106 1147 1292 1235 belligerare,

259 1237 328 1322 po’⁸
349 1233 518 1298 meridiem:
540 1245 573 1296 et
587 1231 660 1294 illat
685 1230 849 1295 Censoriit
869 1230 1013 1308 Catonia,
1032 1231 1102 1295 Die’
1115 1243 1129 1272 ¹
1145 1235 1232 1314 harre,
1249 1257 1292 1297 ae-

259 1341 326 1408 que
351 1319 394 1384 M
414 1319 506 1384 litera
524 1317 557 1381 in
581 1317 612 1380 E
632 1315 777 1380 mollita:
801 1315 927 1401 quaein
949 1315 1110 1380 veteribus
1131 1317 1220 1382 libris
1242 1341 1293 1384 re·

284 1419 351 1469 etta
375 1417 497 1468 mutare
524 1401 663 1487 imperiti
686 1399 807 1464 solent:
843 1413 888 1479 et,
914 1399 993 1464 dum
1015 1401 1217 1467 librariorum
1241 1405 1292 1468 in-

258 1429 370 1556 lestan'
388 1489 500 1554 volunt
521 1485 686 1564 inscitiam,
700 1485 786 1550 suam
807 1487 1011 1550 confitentur.
1054 1486 1158 1573 Atqui
1181 1489 1292 1565 eadem
1301 1506 1344 1568 40

260 1574 316 1639 illa
335 1575 437 1653 litera,
452 1572 580 1660 quoties
599 1571 713 1637 ultima
734 1573 788 1651 est,
803 1585 839 1636 et
858 1571 1002 1636 vocalem
1024 1571 1111 1635 verbi
1134 1573 1294 1672 sequentis

259 1660 306 1726 ita
327 1661 498 1748 contingit,
514 1673 551 1722 ut
573 1658 605 1722 in
628 1679 697 1720 eam
720 1659 846 1722 transire
861 1658 963 1744 poffit,
979 1656 1077 1720 etiam
1100 1657 1119 1719 fi
1137 1658 1293 1738 scribitur,

260 1759 369 1810 tamen
392 1767 503 1831 pamm
527 1743 733 1830 exprimitur:
765 1756 815 1822 ut,
835 1742 972 1806 Multum
995 1741 1058 1820 ille,
1078 1755 1122 1821 et,
1141 1744 1295 1830 Quantum

261 1844 337 1910 erat,
353 1829 434 1912 adep
455 1844 493 1894 ut
515 1849 595 1916 pene
615 1827 776 1915 cujusdam
801 1850 891 1892 novae
913 1827 1013 1892 literae
1034 1827 1148 1892 sonum
1170 1829 1294 1894 reddat.

228 1947 246 1958 -
260 1915 379 2004 Neque
394 1915 479 1980 enim
500 1913 662 1994 eximitur,
678 1913 730 1978 sed
751 1913 945 1994 obscuratur,
961 1927 993 1978 et
1014 1925 1167 1977 tantum²
1189 1915 1297 2002 aliqua
1318 1919 1324 2000 J

260 2001 347 2066 inter
359 1999 438 2065 duas
454 2000 578 2065 vocales
592 1999 680 2063 velut
698 2011 774 2064 nota
788 2000 842 2078 eli,
857 2021 897 2064 ne
913 1997 986 2085 ipsae
1001 2012 1126 2063 coeant.
1170 2000 1343 2079 Viden-41
1375 2005 1379 2020 “

261 2085 340 2151 dum
356 2086 466 2166 etiam,
482 2107 522 2150 ne
544 2085 697 2171 syllabae·
718 2085 806 2150 verbi
832 2085 945 2171 prioris
969 2083 1093 2148 ultimae
1113 2085 1171 2148 fint
1186 2085 1297 2170 primae

261 2173 293 2237 se
316 2171 433 2237 uentis.
478 2171 516 2236 Id
539 2169 673 2256 nequis
695 2171 822 2266 praeeipi
844 2171 987 2248 miretur,
1003 2169 1153 2234 Ciceroni
1175 2170 1208 2234 in
1226 2170 1297 2256 epi·

263 2195 358 2356 stellis,
369 2257 500 2337 excidit,
521 2255 574 2320 Res
596 2255 669 2319 mihi
691 2255 824 2343 envisaeb
845 2255 921 2343 visae
935 2255 1024 2342 sunt,
1041 2253 1150 2319 Brute.
1193 2257 1238 2318 Et
1262 2256 1295 2320 in

261 2364 414 2423 carmine,

295 2557 301 2590 ¹
321 2560 389 2610 litera
400 2561 433 2608 G·
498 2559 510 2591 l
529 2577 570 2607 orn.
582 2561 647 2608 lens.
711 2560 718 2590 ¹
736 2560 1068 2610 meermannianam.
1144 2571 1166 2600 m
1183 2561 1230 2611 alia
1241 2578 1297 2626 quae

261 2625 325 2672 lens.
391 2625 537 2673 ”Lanarius
549 2627 580 2673 G.
656 2626 904 2673 ⁰SerenusG.Jens.
969 2626 1136 2688 rdtgnusiid.
1212 2629 1297 2687 tjoco

261 2691 326 2738 lens.
392 2700 401 2723 t
421 2692 494 2738 Quod
504 2693 578 2738 etiam
588 2689 652 2737 lens.
665 2690 738 2738 Quod
749 2700 773 2737 et
784 2691 815 2738 G.
882 2697 901 2754 ᾖ
918 2705 959 2753 pet
970 2691 1002 2742 G.
1012 2693 1076 2739 lens.
1153 2694 1161 2721 ²
1179 2709 1221 2740 em.
1232 2694 1297 2740 lens.

264 2763 276 2785 ’¹
297 2756 419 2804 Censorini
430 2756 461 2802 id.
528 2763 540 2787 ¹
559 2757 606 2803 die.
617 2771 640 2802 e.
652 2755 759 2804 haucid.
771 2755 809 2802 die
820 2755 868 2802 bac
879 2755 910 2801 G.
976 2763 987 2788 ²
1006 2766 1089 2805 tamen
1100 2756 1164 2804 lens.
1230 2767 1240 2788 ²
1253 2758 1298 2822 syl-

241 2821 244 2826 '
263 2820 438 2870 laba-ultima
449 2821 476 2868 fit
487 2821 565 2882 prima
575 2821 606 2868 G.
617 2822 681 2868 lens.
693 2819 836 2885 quodprebat
846 2818 913 2866 eriam
926 2819 1022 2870 Liebius.
1088 2820 1098 2852 l
1115 2839 1158 2868 ¹ern.
1170 2819 1235 2870 lens.

303 3033 345 3079 37.
360 3017 378 3066 S
389 3013 477 3066 ultima
486 3031 540 3065 cum
552 3014 597 3078 X]
612 3013 706 3094 Qidsr
718 3014 757 3065 in·
806 3024 857 3076 tur,
866 3013 923 3066 elim
934 3025 1017 3067 aetem
1023 3015 1131 3084 politius,
1141 3033 1223 3068 cerum
1234 3033 1298 3068 ver-

265 3085 334 3136 rerso
345 3085 429 3136 ordine
441 3085 553 3152 legamus
564 3101 583 3136 x
601 3085 689 3135 ultema
703 3101 758 3134 curn
806 3084 899 3146 berum,
911 3101 1011 3153 querum
1021 3086 1111 3136 eaedem
1121 3095 1195 3138 erant
1206 3086 1297 3155 postre-

266 3153 302 3204 s?
321 3154 403 3218 Hujus
424 3155 493 3204 enim
505 3153 637 3204 concursus
648 3152 759 3222 exempla
806 3169 853 3204 mae
865 3154 920 3204 duae
933 3153 1023 3214 litera,
1034 3171 1090 3223 quae
1100 3155 1161 3224 sunt
1178 3153 1204 3205 e'n
1221 3169 1297 3224 optu-

254 3223 322 3275 'sunt
334 3223 450 3292 plurima,
469 3235 496 3272 ut
513 3225 631 3292 exsperto,
648 3222 757 3294 exsolvo,
806 3239 873 3284 mus,
892 3223 1034 3292 postremam
1055 3222 1155 3274 literam
1182 3225 1296 3276 detrahe·

265 3291 397 3362 exstingue,
418 3293 557 3359 inquibus
579 3291 718 3360 sequentem
739 3295 758 3344 S
805 3290 876 3352 bant,
903 3290 947 3358 nt'ſs
966 3290 1063 3346 vocalis
1087 3292 1298 3363 insequebatur-

267 3365 380 3414 omittere
408 3361 483 3412 solent
505 3363 597 3412 etiam:
628 3360 759 3414 Exercitus
806 3362 858 3412 vita
878 3361 921 3412 illa
939 3363 1027 3432 dignu'
1047 3361 1161 3432 locoque,
1172 3381 1228 3426 nen,
1239 3365 1298 3435 dig-

267 3432 374 3492 Xerxis,
387 3443 410 3482 et
430 3447 475 3482 ars
494 3430 639 3484 Xenocratis
657 3430 758 3500 asperri-
807 3447 854 3482 nue
867 3431 916 3482 &o
1350 3427 1353 3440 '

267 3520 337 3554 annm
354 3501 416 3570 quid
433 3497 641 3562 habeut,sateor=
660 3499 699 3550 sed
716 3517 760 3553 ne·
842 3517 888 3564 41.
912 3517 942 3552 ne
956 3499 1058 3572 syllaba
1075 3501 1164 3568 verli]
1191 3502 1299 3556 Videtur

267 3572 317 3623 scio
327 3581 464 3641 eapropter
473 3571 570 3640 propria
579 3569 674 3638 aliquot
685 3571 759 3622 Grae·
808 3587 897 3638 parum
907 3568 996 3623 referre
1006 3572 1037 3622 ad
1049 3571 1202 3632 sententiam,
1213 3585 1299 3626 utrum

268 3659 354 3694 corum
365 3641 466 3694 nomina
479 3639 628 3694 laboraverit
645 3640 760 3712 Qinsti-
809 3639 925 3710 singulari
936 3657 1040 3692 numero
1050 3640 1092 3694 hie
1109 3641 1178 3694 locus
1193 3641 1299 3710 legatur,

267 3709 360 3762 lianns.
405 3715 407 3718 ’
489 3719 506 3776 v'
810 3709 972 3780 anplurium.
990 3711 1037 3764 Sed
1048 3711 1160 3782 exempla
1170 3713 1244 3764 Fabii
1254 3713 1300 3764 do-

307 3785 349 3844 38.
379 3788 406 3832 ut
427 3779 496 3845 dixi]
527 3779 580 3832 Ubi
601 3779 711 3832 dixerit?
736 3789 760 3831 et
802 3780 917 3842 ·cent,de
937 3780 1047 3850 plurium
1066 3783 1210 3850 repetitione
1228 3782 1299 3834 illurn

268 3851 332 3919 quid
344 3851 440 3918 proprie
451 3850 562 3902 dixerit?
580 3847 668 3902 frustra
679 3849 761 3902 adbuc
810 3867 893 3918 agere.
918 3852 1044 3903 Caeterum
1066 3851 1129 3902 hanc
1154 3850 1192 3911 vel
1214 3853 1299 3914 unius,

269 3919 398 3989 quaesnum
410 3920 442 3972 est
453 3937 469 3972 a
479 3921 539 3971 viria
552 3919 643 3971 doliis.
671 3922 706 3972 Et
721 3932 760 3986 tog
811 3919 849 3971 vel
861 3920 970 3990 plurium
986 3921 1219 3990 etiamlyllabarum
1231 3940 1300 3990 repe·

238 4033 241 4046 .
269 4001 311 4042 tus
323 3990 364 4041 hic
376 3989 445 4040 locus
458 3989 625 4040 amelioribus
634 3988 704 4042 libris
717 4000 761 4042 aut
810 3989 922 4043 titionem
933 4002 958 4042 et
969 3989 1035 4060 quasi
1047 3994 1173 4055 orfimae
1189 4007 1237 4042 non
1249 3993 1301 4042 evi-
1372 4047 1375 4052 ,

269 4059 375 4129 ingeniis
387 4057 540 4110 felicioribus
549 4077 619 4126 opem
629 4058 673 4112 exs
698 4059 760 4111 ttae.
811 4061 957 4122 reuirescet
973 4058 1138 4120 adt'eetunnr,
1155 4077 1204 4112 non
1222 4074 1301 4130 poetar

239 4183 242 4190 ,
287 4143 350 4196 qq.
370 4127 452 4192 Cicero
469 4127 495 4180 in
515 4129 635 4194 Oratore]
686 4129 762 4180 dscri-
811 4130 896 4191 modo,
913 4130 952 4182 sed
972 4133 1046 4182 etiam
1066 4142 1184 4190 oratores,
1220 4129 1302 4182 raeser·

269 4200 360 4250 bamus
372 4209 396 4249 et
406 4215 452 4249 nos
464 4197 608 4250 locumec.
622 4203 667 4260 48.
681 4198 762 4268 Qin-
812 4201 858 4251 tim
871 4201 970 4252 Cicero,
995 4150 1303 4268 Congeffittaliallrouk·

269 4269 353 4335 etiarrr,
371 4269 435 4339 qued
443 4269 500 4338 jem
510 4266 672 4340 subrusticum
688 4268 764 4322 ‘vide-
812 4268 895 4324 hufiua
908 4271 938 4324 ad
951 4271 1017 4326 Tib.
1034 4289 1059 4332 1,
1074 4288 1097 4333 r,
1112 4287 1137 4336 3.
