3014 4918
438 344 606 464 marra.
626 395 832 463 unsrun.
853 369 939 460 mn)
955 395 1025 461 xn.
1049 405 1076 462 ι.
1201 409 1259 475 301

232 557 336 631 ritatis
357 564 492 630 invenit.
536 565 650 630 Mutus
673 565 785 629 enim?
808 561 904 641 nasci,
926 575 959 627 et
983 583 1078 649 egere
1101 559 1190 627 omni
1211 584 1263 626 ra·

234 649 323 715 tione
351 650 446 715 satius
472 650 587 728 suisset,
613 672 709 735 quam
737 649 944 736 providentiae
970 667 1101 712 munera
1129 646 1162 710 in
1188 671 1264 712 mu·

200 745 324 817 3tuam
350 736 521 821 perniciem
548 749 743 799 convertere.
787 733 932 820 Longius
959 733 1062 796 tendit
1087 733 1151 796 boc
1172 731 1264 820 judi-

236 819 324 883 cium
347 843 469 885 meum.
512 823 629 906 Neque
650 820 735 883 enim
758 830 883 883 tautum
903 818 937 882 id
957 818 1041 896 dicu,
1058 839 1144 894 eum,
1158 817 1215 902 qui
1231 818 1267 882 fit
1367 831 1370 840 ¹

235 916 353 983 orator,
367 906 468 970 virum
482 905 586 969 lanum
606 905 661 990 effe
674 916 822 992 oportere:
844 902 898 966 sed
912 924 953 967 ne
968 902 1113 966 futurum
1135 901 1267 1000 quidem

237 1001 408 1068 oratorem,
423 989 478 1052 nisi
501 991 760 1054 virumbonum.
803 989 889 1053 Nam
915 1001 1000 1051 certe
1023 1008 1127 1072 neque
1148 987 1268 1051 1ntelli·

237 1075 381 1159 gentiam
400 1074 584 1138 concesseris
601 1075 652 1152 iis,
668 1075 734 1160 qui,
749 1073 904 1159 proposita
923 1073 1123 1135 honestorum
1147 1093 1184 1136 ac
1199 1087 1267 1136 tur-

238 1160 326 1243 pium
343 1159 403 1236 via,
418 1158 558 1257 pejorem
572 1159 660 1244 sequi
674 1159 812 1223 malint‘¹
826 1183 835 1236 3
859 1179 961 1242 neque
980 1155 1179 1243 prudentiam
1195 1157 1236 1221 iis
1245 1169 1268 1237 f,

240 1243 296 1328 qui
319 1243 352 1306 in
376 1244 568 1332 grauissimas
590 1243 771 1329 frequenter
791 1243 914 1330 legum,
936 1243 1056 1326 semper
1078 1262 1152 1304 vero
1176 1242 1271 1307 malae

239 1327 454 1407 conscientiae,
473 1351 582 1414 poenas
605 1351 624 1392 a
646 1329 745 1393 semet
769 1328 838 1414 ipsis
863 1327 906 1390 im
930 1326 1030 1390 rovifo
1053 1347 1157 1389 rerum
1179 1328 1269 1392 exitu

205 1412 424 1489 4induantur.
469 1414 569 1480 Quod
592 1414 612 1476 fi
639 1433 829 1478 neumam
855 1349 966 1475 maldam
988 1410 1133 1494 esse,nfi
1143 1410 1271 1496 stultam

241 1498 403 1576 eumdem,
418 1519 482 1562 non
498 1498 596 1562 modo
610 1520 629 1561 a
650 1498 844 1585 sapientibus
858 1497 986 1576 dicitur,
1001 1496 1055 1559 fed
1074 1497 1175 1582 vulgo
1191 1519 1272 1581 quo-

241 1603 305 1667 que
318 1583 439 1668 semper
452 1584 494 1646 est
514 1583 691 1648 creditum:
716 1597 802 1646 certe
824 1605 887 1645 non
910 1583 965 1644 siet
979 1603 1132 1666 umquam
1151 1582 1272 1660 stultus,

240 1680 359 1732 orator.
403 1667 498 1733 Adde
519 1669 606 1752 quod
624 1691 668 1730 ne
687 1667 786 1730 studio
802 1667 933 1754 quidem
949 1667 1051 1751 operis
1063 1665 1274 1812 pulcherrimi

241 1774 354 1816 vacare
376 1775 478 1832 mens,
501 1753 556 1815 nisi
578 1752 728 1816 omnibus
748 1752 834 1815 vitiis
855 1751 966 1827 libera,
987 1763 1060 1834 pote
1097 1775 1105 1812 ε
1135 1751 1274 1836 primum

242 1837 329 1922 quod
345 1839 377 1900 in
398 1837 511 1900 eodem
532 1839 660 1923 pestere
680 1837 805 1900 nullum
828 1837 871 1899 ess
891 1835 1091 1899 honestorum
1114 1837 1273 1922 turpium-

244 1944 308 2006 que
328 1923 541 1987 consortium:
570 1933 604 1985 et
626 1923 767 2008 cogitare
790 1921 911 2006 optima
934 1920 1025 1983 simul
1048 1942 1084 1982 ac
1108 1920 1277 1986 deterrima

245 2027 310 2070 non
326 2008 428 2094 magis
443 2007 485 2070 est
500 2007 594 2071 unius
609 2007 718 2082 animi,
730 2027 827 2092 quam
843 2005 981 2091 ejusdem
998 2005 1137 2068 hominis
1152 2006 1276 2090 bqnum

211 2090 305 2176 5esse
325 2113 362 2156 ac
383 2093 518 2156 malum.
561 2093 644 2155 Tum
667 2091 722 2155 illa
743 2087 873 2176 quoque
889 2112 928 2152 ex
949 2090 1060 2168 caussa,
1077 2090 1164 2175 quod
1182 2113 1275 2154 men·

246 2187 311 2238 tem
327 2187 424 2240 tautae
439 2177 485 2240 rei
499 2177 669 2253 intentam,
687 2196 796 2240 vacare
810 2175 961 2238 omnibus
976 2174 1056 2251 aliis,
1070 2174 1166 2237 etiam
1182 2175 1277 2261 culpa

246 2259 439 2341 oarentibus,
465 2261 550 2325 curis
574 2275 713 2348 oportet.
758 2262 808 2323 lta
831 2260 961 2322 demum
982 2259 1073 2322 enim
1101 2259 1211 2338 libera,
1238 2281 1277 2325 ac

204 2350 206 2355 ’
245 2359 326 2423 tota,
343 2347 429 2410 nulla
447 2345 653 2433 distringente
672 2358 768 2429 atque
787 2343 850 2408 alio
872 2345 1008 2407 ducente
1028 2343 1140 2422 caussa,
1155 2344 1276 2429 spetia-

210 2435 232 2498 6
246 2431 295 2494 bit
316 2430 349 2496 id
366 2431 478 2510 solum,
493 2431 532 2493 ad
548 2431 636 2529 quod
650 2431 840 2516 aecingitur.
885 2428 1019 2492 Quodsi
1035 2440 1202 2514 agrorum·
1225 2431 1276 2494 ui-

246 2515 312 2579 mia
326 2537 413 2594 cura,
430 2528 462 2579 et
484 2515 633 2578 solicitior
647 2516 692 2578 rei
712 2513 874 2578 familiaris
894 2513 1074 2598 diligentia,
1090 2526 1122 2575 et
1143 2515 1279 2579 venandi

247 2601 404 2686 voluptas,
429 2614 463 2664 et
485 2600 551 2664 dati
577 2598 762 2685 fpedaeulis
786 2597 866 2676 dies,
891 2599 1029 2660 multum
1061 2597 1167 2661 studiis
1193 2599 1291 2663 truse-¹

247 2699 321 2748 runt
334 2708 344 2762 ;
378 2685 468 2768 (huic
491 2685 577 2749 enim
602 2684 646 2747 rei
672 2684 755 2768 perit
778 2696 916 2766 tempus,
940 2682 1166 2767 quodcumque
1189 2684 1281 2749 alteri

247 2768 353 2848 datur)
377 2770 457 2857 quid
477 2757 627 2855 putamus
648 2767 784 2831 sassures
806 2765 1023 2850 cupiditatem,
1040 2767 1212 2847 avaritiam,
1228 2768 1280 2832 in-

248 2854 396 2918 vidiam?
435 2876 567 2941 quarum
604 2853 872 2939 impotentissimae
908 2852 1120 2937 cogitationes
1155 2853 1283 2919 somnos

217 2955 234 3023 7
250 2939 346 3002 etiam
362 2939 453 3025 ipsos,
469 2953 503 3002 et
518 2939 571 3001 illa
585 2960 640 3023 per
657 2937 799 3022 quietem
814 2936 876 3000 visa
891 2937 1075 3021 perturbant
1087 2946 1109 3000 s.
1152 2939 1186 3001 N
1192 2959 1284 3003 1³11.

251 3025 294 3088 est
316 3026 401 3088 enim
424 3035 514 3087 tam¹¹
538 3037 741 3108 occupatum,
759 3035 826 3084 tam
849 3020 1059 3100 multiforme,
1082 3033 1132 3086 tot
1154 3045 1191 3087 ac
1213 3037 1281 3087 tam

167 3143 170 3150 ,
250 3108 344 3172 variis
368 3109 533 3173 affectibus
558 3107 718 3171 concisum
743 3119 840 3192 atque
865 3106 1049 3182 laceratum,
1075 3129 1169 3191 quam
1198 3110 1283 3174 mala

250 3215 353 3257 mens.
398 3195 482 3257 Nam
499 3206 621 3256 etcum
640 3191 812 3270 insidiatur,
827 3191 878 3275 spe
887 3201 912 3268 V,
929 3191 1023 3267 curis,
1039 3191 1146 3255 labore
1159 3193 1283 3258 distrin-

251 3279 339 3364 gitur
351 3289 385 3342 x,
410 3279 537 3364 etjam,
554 3300 628 3340 cum
650 3276 774 3339 sceleris
793 3297 924 3359 compos
947 3275 1054 3353 suerit,
1070 3277 1281 3358 solicitudine,

252 3362 450 3448 poenitentia,
479 3384 642 3448 poenarum
672 3361 815 3424 omnium
844 3360 1077 3444 exspeelatione
1104 3375 1281 3448 torquetur.

253 3446 337 3513 Quis
364 3447 446 3510 inter
468 3448 538 3510 haec
562 3447 673 3523 literis,
687 3458 742 3508 aut
764 3445 822 3510 ulli
845 3447 937 3508 bonae
961 3447 1020 3508 arti
1040 3445 1129 3509 locus
1142 3451 1179 3510 ²?
1204 3448 1282 3511 Non

253 3530 359 3595 hercle
374 3532 488 3618 magis,
501 3554 598 3618 quam
623 3531 769 3616 frugibus
792 3529 849 3591 ina
872 3542 954 3593 terra
976 3530 1115 3594 sentibus
1138 3553 1174 3593 ac
1194 3533 1283 3596 rubis

220 3616 420 3700 8occupata.
464 3605 550 3703 Age',
578 3639 641 3680 non
667 3616 707 3678 ad
735 3613 936 3700 perferendos
961 3615 1131 3678 studiorum
1159 3616 1285 3682 labores

254 3701 419 3766 necessaria
433 3700 621 3788 frugalitas?
651 3699 742 3764 Quid
761 3722 838 3785 ergo
858 3721 896 3761 ex
920 3698 1053 3762 libidine
1075 3704 1136 3762 acb
1158 3699 1284 3766 luxuria

251 3786 316 3873 spei
330 3789 340 3850 l
374 3787 449 3850 Non
466 3785 622 3872 praecipue
639 3784 724 3848 acuit
744 3784 784 3846 ad
799 3783 1004 3868 cupiditatem
1019 3782 1179 3846 literarum
1194 3808 1286 3852 amor

252 3871 355 3936 laudis
367 3874 402 3934 cl
426 3872 527 3950 'Num
547 3869 647 3958 igitur
669 3868 759 3932 malis
781 3868 841 3933 esse
859 3868 987 3932 laudem
1009 3889 1091 3931 curae
1106 3876 1280 3954 putamus?

285 4096 298 4130 P
313 4093 385 4137 etlam
398 4091 429 4138 G.
495 4095 505 4127 (Ι
526 4087 621 4136 malunt
632 4088 695 4135 Jens.
760 4096 770 4124 ¹
787 4103 845 4136 cum
860 4089 886 4134 in
897 4087 988 4147 graviff.
1000 4087 1031 4134 G.
1048 4099 1105 4134 cum
1117 4090 1282 4149 gravitatem.

255 4165 264 4188 ¹
283 4169 410 4215 corporum
421 4155 447 4200 de
459 4152 524 4215 Regii
535 4155 656 4214 coajefsura
668 4152 769 4216 quaedam
779 4153 842 4200 edita
893 4159 899 4185 s
912 4153 1049 4212 perturbent
1058 4153 1121 4200 Jens.
1173 4162 1184 4185 ¹¹
1199 4175 1239 4204 om.
1251 4159 1283 4208 G.

256 4224 267 4246 '¹
287 4233 334 4279 prae
345 4219 376 4265 G.
387 4220 450 4268 Jens.
525 4219 707 4278 *distinguitur
718 4219 750 4266 G.
829 4215 1012 4265 :curassent
1094 4217 1285 4274 *intercalent

256 4277 370 4331 lautia.
435 4281 581 4331 ‘claudum
593 4283 623 4331 G.
857 4303 860 4310 ·
