<?xml version="1.0" encoding="UTF-8"?>
<!DOCTYPE html PUBLIC "-//W3C//DTD XHTML 1.0 Transitional//EN"
    "http://www.w3.org/TR/xhtml1/DTD/xhtml1-transitional.dtd">
<html xmlns="http://www.w3.org/1999/xhtml" xml:lang="en" lang="en">
 <head>
  <title>
</title>
<meta http-equiv="Content-Type" content="text/html;charset=utf-8" />
  <meta name='ocr-system' content='tesseract 3.04.00' />
  <meta name='ocr-capabilities' content='ocr_page ocr_carea ocr_par ocr_line ocrx_word'/>
</head>
<body>
  <div class='ocr_page' id='page_1' title='image "./mfabiiquinctili00gesngoog_0205.png"; bbox 0 0 3020 4918; ppageno 0'>
   <div class='ocr_carea' id='block_1_1' title="bbox 464 427 1328 537">
    <p class='ocr_par' dir='ltr' id='par_1_1' title="bbox 464 427 1328 537">
     <span class='ocr_line' id='line_1_1' title="bbox 464 427 1328 537; baseline 0.006 -27"><span class='ocrx_word' id='word_1_1' title='bbox 464 441 634 522; x_wconf 71' lang='lat' dir='ltr'><strong>inania.</strong></span> <span class='ocrx_word' id='word_1_2' title='bbox 656 427 861 512; x_wconf 71' lang='lat' dir='ltr'><strong>oalroa.</strong></span> <span class='ocrx_word' id='word_1_3' title='bbox 883 451 965 512; x_wconf 82' lang='lat' dir='ltr'><strong>im.</strong></span> <span class='ocrx_word' id='word_1_4' title='bbox 986 449 1024 514; x_wconf 79' lang='lat' dir='ltr'><strong>x,</strong></span> <span class='ocrx_word' id='word_1_5' title='bbox 1046 471 1074 512; x_wconf 83' lang='lat'><strong>2.</strong></span> <span class='ocrx_word' id='word_1_6' title='bbox 1227 470 1282 537; x_wconf 83' lang='lat'><strong>197</strong></span> <span class='ocrx_word' id='word_1_7' title='bbox 1325 444 1328 452; x_wconf 79' lang='grc'><strong>“</strong></span> 
     </span>
    </p>
   </div>
   <div class='ocr_carea' id='block_1_2' title="bbox 185 613 1323 2307">
    <p class='ocr_par' dir='ltr' id='par_1_2' title="bbox 214 613 1280 952">
     <span class='ocr_line' id='line_1_2' title="bbox 214 613 1280 716; baseline 0.006 -36"><span class='ocrx_word' id='word_1_8' title='bbox 214 614 309 680; x_wconf 86' lang='lat' dir='ltr'><strong>8sola</strong></span> <span class='ocrx_word' id='word_1_9' title='bbox 334 613 487 694; x_wconf 79' lang='lat' dir='ltr'>fecissent,</span> <span class='ocrx_word' id='word_1_10' title='bbox 511 614 794 680; x_wconf 81' lang='lat' dir='ltr'><strong>circumscriberet.</strong></span> <span class='ocrx_word' id='word_1_11' title='bbox 836 613 889 679; x_wconf 88' lang='lat' dir='ltr'><strong>Ac</strong></span> <span class='ocrx_word' id='word_1_12' title='bbox 912 615 933 680; x_wconf 89' lang='lat' dir='ltr'>fi</span> <span class='ocrx_word' id='word_1_13' title='bbox 957 615 1065 681; x_wconf 88' lang='lat' dir='ltr'><strong>omnia</strong></span> <span class='ocrx_word' id='word_1_14' title='bbox 1082 619 1280 716; x_wconf 75' lang='lat' dir='ltr'><strong>percenseas,</strong></span> 
     </span>
     <span class='ocr_line' id='line_1_3' title="bbox 245 699 1278 787; baseline 0.004 -21"><span class='ocrx_word' id='word_1_15' title='bbox 245 699 334 768; x_wconf 89' lang='lat' dir='ltr'><strong>nulla</strong></span> <span class='ocrx_word' id='word_1_16' title='bbox 356 703 393 768; x_wconf 89' lang='lat' dir='ltr'><strong>sit</strong></span> <span class='ocrx_word' id='word_1_17' title='bbox 412 723 475 780; x_wconf 85' lang='lat' dir='ltr'><strong>ars,</strong></span> <span class='ocrx_word' id='word_1_18' title='bbox 490 702 592 787; x_wconf 88' lang='lat' dir='ltr'><strong>qualis</strong></span> <span class='ocrx_word' id='word_1_19' title='bbox 611 701 741 766; x_wconf 86' lang='lat' dir='ltr'><strong>inventa</strong></span> <span class='ocrx_word' id='word_1_20' title='bbox 762 701 816 781; x_wconf 89' lang='lat' dir='ltr'><strong>est,</strong></span> <span class='ocrx_word' id='word_1_21' title='bbox 832 721 892 764; x_wconf 91' lang='lat' dir='ltr'><strong>nec</strong></span> <span class='ocrx_word' id='word_1_22' title='bbox 915 701 999 765; x_wconf 91' lang='lat' dir='ltr'><strong>intra</strong></span> <span class='ocrx_word' id='word_1_23' title='bbox 1020 702 1147 767; x_wconf 92' lang='lat' dir='ltr'><strong>initium</strong></span> <span class='ocrx_word' id='word_1_24' title='bbox 1172 705 1278 771; x_wconf 81' lang='lat' dir='ltr'><strong>stetit:</strong></span> 
     </span>
     <span class='ocr_line' id='line_1_4' title="bbox 243 785 1278 876; baseline 0.005 -26"><span class='ocrx_word' id='word_1_25' title='bbox 243 786 300 850; x_wconf 86' lang='lat' dir='ltr'><strong>nisi</strong></span> <span class='ocrx_word' id='word_1_26' title='bbox 316 785 399 850; x_wconf 88' lang='lat' dir='ltr'><strong>sorte</strong></span> <span class='ocrx_word' id='word_1_27' title='bbox 413 787 515 852; x_wconf 81' lang='lat' dir='ltr'><strong>nostru</strong></span> <span class='ocrx_word' id='word_1_28' title='bbox 528 787 721 874; x_wconf 85' lang='lat' dir='ltr'><strong>potiffimum</strong></span> <span class='ocrx_word' id='word_1_29' title='bbox 744 799 890 872; x_wconf 89' lang='lat' dir='ltr'><strong>tempora</strong></span> <span class='ocrx_word' id='word_1_30' title='bbox 909 785 1211 876; x_wconf 82' lang='lat' dir='ltr'><strong>damnamushujus</strong></span> <span class='ocrx_word' id='word_1_31' title='bbox 1226 790 1278 855; x_wconf 87' lang='lat' dir='ltr'><strong>in-</strong></span> 
     </span>
     <span class='ocr_line' id='line_1_5' title="bbox 242 869 1278 952; baseline 0.004 -18"><span class='ocrx_word' id='word_1_32' title='bbox 242 870 419 952; x_wconf 75' lang='lat' dir='ltr'><strong>felicitatis,</strong></span> <span class='ocrx_word' id='word_1_33' title='bbox 435 885 474 942; x_wconf 89' lang='lat' dir='ltr'><strong>ut</strong></span> <span class='ocrx_word' id='word_1_34' title='bbox 496 893 581 936; x_wconf 91' lang='lat' dir='ltr'><strong>nunc</strong></span> <span class='ocrx_word' id='word_1_35' title='bbox 605 871 737 935; x_wconf 89' lang='lat' dir='ltr'><strong>demum</strong></span> <span class='ocrx_word' id='word_1_36' title='bbox 762 869 844 936; x_wconf 88' lang='lat' dir='ltr'><strong>nihil</strong></span> <span class='ocrx_word' id='word_1_37' title='bbox 870 872 998 938; x_wconf 88' lang='lat' dir='ltr'><strong>crescat.</strong></span> <span class='ocrx_word' id='word_1_38' title='bbox 1041 871 1136 938; x_wconf 88' lang='lat' dir='ltr'><strong>Nihil</strong></span> <span class='ocrx_word' id='word_1_39' title='bbox 1156 875 1243 948; x_wconf 88' lang='lat' dir='ltr'><strong>enim</strong></span> <span class='ocrx_word' id='word_1_40' title='bbox 1257 887 1278 918; x_wconf 76' lang='lat'><strong>³¹</strong></span> 
     </span>
    </p>

    <p class='ocr_par' dir='ltr' id='par_1_3' title="bbox 185 954 1323 2307">
     <span class='ocr_line' id='line_1_6' title="bbox 210 954 1279 1044; baseline 0.005 -24"><span class='ocrx_word' id='word_1_41' title='bbox 210 977 231 1042; x_wconf 93' lang='lat'>9</span> <span class='ocrx_word' id='word_1_42' title='bbox 245 956 356 1022; x_wconf 90' lang='lat' dir='ltr'><strong>crescit</strong></span> <span class='ocrx_word' id='word_1_43' title='bbox 369 955 433 1024; x_wconf 88' lang='lat' dir='ltr'><strong>sola</strong></span> <span class='ocrx_word' id='word_1_44' title='bbox 446 957 639 1022; x_wconf 84' lang='lat' dir='ltr'><strong>imitatione.</strong></span> <span class='ocrx_word' id='word_1_45' title='bbox 677 954 776 1022; x_wconf 77' lang='lat' dir='ltr'><strong>Quod</strong></span> <span class='ocrx_word' id='word_1_46' title='bbox 791 957 812 1022; x_wconf 89' lang='lat' dir='ltr'><strong>si</strong></span> <span class='ocrx_word' id='word_1_47' title='bbox 826 955 984 1042; x_wconf 88' lang='lat' dir='ltr'><strong>prioribus</strong></span> <span class='ocrx_word' id='word_1_48' title='bbox 997 957 1134 1044; x_wconf 89' lang='lat' dir='ltr'><strong>adjicere</strong></span> <span class='ocrx_word' id='word_1_49' title='bbox 1149 958 1197 1023; x_wconf 86' lang='lat' dir='ltr'><strong>fas</strong></span> <span class='ocrx_word' id='word_1_50' title='bbox 1213 981 1279 1026; x_wconf 92' lang='lat' dir='ltr'><strong>non</strong></span> 
     </span>
     <span class='ocr_line' id='line_1_7' title="bbox 243 1039 1276 1131; baseline 0.004 -25"><span class='ocrx_word' id='word_1_51' title='bbox 243 1043 299 1121; x_wconf 86' lang='lat' dir='ltr'><strong>est,</strong></span> <span class='ocrx_word' id='word_1_52' title='bbox 330 1042 494 1130; x_wconf 89' lang='lat' dir='ltr'><strong>quomodo</strong></span> <span class='ocrx_word' id='word_1_53' title='bbox 523 1043 644 1128; x_wconf 87' lang='lat' dir='ltr'><strong>sperare</strong></span> <span class='ocrx_word' id='word_1_54' title='bbox 667 1041 855 1126; x_wconf 76' lang='lat' dir='ltr'><strong>possumusn</strong></span> <span class='ocrx_word' id='word_1_55' title='bbox 879 1039 971 1106; x_wconf 91' lang='lat' dir='ltr'><strong>illum</strong></span> <span class='ocrx_word' id='word_1_56' title='bbox 1008 1055 1166 1108; x_wconf 91' lang='lat' dir='ltr'><strong>oratorem</strong></span> <span class='ocrx_word' id='word_1_57' title='bbox 1201 1067 1276 1131; x_wconf 90' lang='lat' dir='ltr'><strong>per-</strong></span> 
     </span>
     <span class='ocr_line' id='line_1_8' title="bbox 243 1125 1276 1212; baseline 0.004 -22"><span class='ocrx_word' id='word_1_58' title='bbox 243 1125 387 1194; x_wconf 73' lang='lat' dir='ltr'><strong>fectum?</strong></span> <span class='ocrx_word' id='word_1_59' title='bbox 412 1148 487 1192; x_wconf 92' lang='lat' dir='ltr'><strong>cum</strong></span> <span class='ocrx_word' id='word_1_60' title='bbox 500 1139 512 1166; x_wconf 86' lang='lat'><strong>⁰</strong></span> <span class='ocrx_word' id='word_1_61' title='bbox 533 1127 568 1192; x_wconf 91' lang='lat' dir='ltr'><strong>in</strong></span> <span class='ocrx_word' id='word_1_62' title='bbox 582 1128 634 1206; x_wconf 92' lang='lat' dir='ltr'><strong>iis,</strong></span> <span class='ocrx_word' id='word_1_63' title='bbox 650 1149 731 1212; x_wconf 91' lang='lat' dir='ltr'><strong>quos</strong></span> <span class='ocrx_word' id='word_1_64' title='bbox 750 1126 907 1192; x_wconf 84' lang='lat' dir='ltr'><strong>maximos</strong></span> <span class='ocrx_word' id='word_1_65' title='bbox 921 1125 1027 1192; x_wconf 89' lang='lat' dir='ltr'><strong>adhuc</strong></span> <span class='ocrx_word' id='word_1_66' title='bbox 1041 1129 1200 1208; x_wconf 86' lang='lat' dir='ltr'><strong>novimus,</strong></span> <span class='ocrx_word' id='word_1_67' title='bbox 1217 1151 1276 1194; x_wconf 88' lang='lat' dir='ltr'><strong>ne-</strong></span> 
     </span>
     <span class='ocr_line' id='line_1_9' title="bbox 242 1210 1275 1302; baseline 0.004 -26"><span class='ocrx_word' id='word_1_68' title='bbox 242 1234 298 1277; x_wconf 88' lang='lat' dir='ltr'><strong>mo</strong></span> <span class='ocrx_word' id='word_1_69' title='bbox 321 1213 358 1277; x_wconf 91' lang='lat' dir='ltr'><strong>sit</strong></span> <span class='ocrx_word' id='word_1_70' title='bbox 382 1213 543 1290; x_wconf 86' lang='lat' dir='ltr'><strong>inventus,</strong></span> <span class='ocrx_word' id='word_1_71' title='bbox 558 1213 591 1276; x_wconf 92' lang='lat' dir='ltr'><strong>in</strong></span> <span class='ocrx_word' id='word_1_72' title='bbox 614 1234 679 1298; x_wconf 92' lang='lat' dir='ltr'><strong>quo</strong></span> <span class='ocrx_word' id='word_1_73' title='bbox 700 1210 783 1276; x_wconf 92' lang='lat' dir='ltr'><strong>nihil</strong></span> <span class='ocrx_word' id='word_1_74' title='bbox 799 1222 855 1276; x_wconf 88' lang='lat' dir='ltr'><strong>aut</strong></span> <span class='ocrx_word' id='word_1_75' title='bbox 876 1211 1078 1292; x_wconf 72' lang='lat' dir='ltr'><strong>desideretur,</strong></span> <span class='ocrx_word' id='word_1_76' title='bbox 1093 1227 1149 1277; x_wconf 86' lang='lat' dir='ltr'><strong>aut</strong></span> <span class='ocrx_word' id='word_1_77' title='bbox 1166 1236 1275 1302; x_wconf 88' lang='lat' dir='ltr'><strong>repre-</strong></span> 
     </span>
     <span class='ocr_line' id='line_1_10' title="bbox 242 1296 1277 1385; baseline 0.003 -24"><span class='ocrx_word' id='word_1_78' title='bbox 242 1296 413 1364; x_wconf 83' lang='lat' dir='ltr'><strong>hendatur.</strong></span> <span class='ocrx_word' id='word_1_79' title='bbox 458 1298 522 1362; x_wconf 88' lang='lat' dir='ltr'><strong>Sed</strong></span> <span class='ocrx_word' id='word_1_80' title='bbox 536 1298 632 1362; x_wconf 87' lang='lat' dir='ltr'><strong>etiarn</strong></span> <span class='ocrx_word' id='word_1_81' title='bbox 648 1297 705 1384; x_wconf 93' lang='lat' dir='ltr'><strong>qui</strong></span> <span class='ocrx_word' id='word_1_82' title='bbox 719 1297 866 1362; x_wconf 65' lang='lat' dir='ltr'><strong>summat</strong></span> <span class='ocrx_word' id='word_1_83' title='bbox 881 1319 945 1362; x_wconf 94' lang='lat' dir='ltr'><strong>noii</strong></span> <span class='ocrx_word' id='word_1_84' title='bbox 959 1310 1124 1385; x_wconf 85' lang='lat' dir='ltr'><strong>appetunt,</strong></span> <span class='ocrx_word' id='word_1_85' title='bbox 1139 1314 1277 1364; x_wconf 87' lang='lat' dir='ltr'><strong>conten·</strong></span> 
     </span>
     <span class='ocr_line' id='line_1_11' title="bbox 190 1381 1277 1472; baseline -0.001 -20"><span class='ocrx_word' id='word_1_86' title='bbox 190 1401 231 1452; x_wconf 92' lang='lat'><strong>10</strong></span> <span class='ocrx_word' id='word_1_87' title='bbox 244 1382 318 1449; x_wconf 88' lang='lat' dir='ltr'><strong>dere</strong></span> <span class='ocrx_word' id='word_1_88' title='bbox 332 1384 450 1470; x_wconf 83' lang='lat' dir='ltr'><strong>potius,</strong></span> <span class='ocrx_word' id='word_1_89' title='bbox 464 1405 561 1470; x_wconf 88' lang='lat' dir='ltr'><strong>quam</strong></span> <span class='ocrx_word' id='word_1_90' title='bbox 577 1383 663 1468; x_wconf 84' lang='lat' dir='ltr'><strong>sequi</strong></span> <span class='ocrx_word' id='word_1_91' title='bbox 677 1381 808 1447; x_wconf 87' lang='lat' dir='ltr'><strong>debent.</strong></span> <span class='ocrx_word' id='word_1_92' title='bbox 851 1383 940 1450; x_wconf 88' lang='lat' dir='ltr'><strong>Nam</strong></span> <span class='ocrx_word' id='word_1_93' title='bbox 959 1403 1030 1448; x_wconf 83' lang='lat' dir='ltr'><strong>uui</strong></span> <span class='ocrx_word' id='word_1_94' title='bbox 1046 1381 1125 1472; x_wconf 77' lang='lat' dir='ltr'><strong>agit,</strong></span> <span class='ocrx_word' id='word_1_95' title='bbox 1140 1395 1179 1448; x_wconf 85' lang='lat' dir='ltr'><strong>ut</strong></span> <span class='ocrx_word' id='word_1_96' title='bbox 1192 1386 1277 1472; x_wconf 89' lang='lat' dir='ltr'><strong>prior</strong></span> 
     </span>
     <span class='ocr_line' id='line_1_12' title="bbox 243 1467 1277 1556; baseline 0.004 -24"><span class='ocrx_word' id='word_1_97' title='bbox 243 1467 291 1548; x_wconf 77' lang='lat' dir='ltr'><strong>fit,</strong></span> <span class='ocrx_word' id='word_1_98' title='bbox 307 1468 433 1534; x_wconf 73' lang='lat' dir='ltr'><strong>forsitan</strong></span> <span class='ocrx_word' id='word_1_99' title='bbox 457 1467 603 1546; x_wconf 87' lang='lat' dir='ltr'><strong>etiam,fi</strong></span> <span class='ocrx_word' id='word_1_100' title='bbox 627 1490 691 1531; x_wconf 93' lang='lat' dir='ltr'><strong>non</strong></span> <span class='ocrx_word' id='word_1_101' title='bbox 711 1467 875 1546; x_wconf 89' lang='lat' dir='ltr'><strong>transierit,</strong></span> <span class='ocrx_word' id='word_1_102' title='bbox 899 1468 1049 1556; x_wconf 87' lang='lat' dir='ltr'><strong>aequabit.</strong></span> <span class='ocrx_word' id='word_1_103' title='bbox 1092 1471 1179 1534; x_wconf 90' lang='lat' dir='ltr'><strong>Eum</strong></span> <span class='ocrx_word' id='word_1_104' title='bbox 1199 1467 1277 1537; x_wconf 82' lang='lat' dir='ltr'><strong>vero</strong></span> 
     </span>
     <span class='ocr_line' id='line_1_13' title="bbox 242 1551 1277 1641; baseline 0.006 -25"><span class='ocrx_word' id='word_1_105' title='bbox 242 1575 339 1618; x_wconf 89' lang='lat' dir='ltr'><strong>nemo</strong></span> <span class='ocrx_word' id='word_1_106' title='bbox 353 1555 454 1640; x_wconf 86' lang='lat' dir='ltr'><strong>potest</strong></span> <span class='ocrx_word' id='word_1_107' title='bbox 468 1575 603 1639; x_wconf 86' lang='lat' dir='ltr'><strong>aequare,</strong></span> <span class='ocrx_word' id='word_1_108' title='bbox 620 1553 713 1641; x_wconf 86' lang='lat' dir='ltr'><strong>cujus</strong></span> <span class='ocrx_word' id='word_1_109' title='bbox 727 1551 865 1639; x_wconf 79' lang='lat' dir='ltr'><strong>vestigiis</strong></span> <span class='ocrx_word' id='word_1_110' title='bbox 879 1553 935 1618; x_wconf 85' lang='lat' dir='ltr'><strong>fibi</strong></span> <span class='ocrx_word' id='word_1_111' title='bbox 948 1554 1061 1640; x_wconf 88' lang='lat' dir='ltr'><strong>utique</strong></span> <span class='ocrx_word' id='word_1_112' title='bbox 1074 1553 1277 1622; x_wconf 78' lang='lat' dir='ltr'><strong>innuendum</strong></span> 
     </span>
     <span class='ocr_line' id='line_1_14' title="bbox 239 1638 1275 1728; baseline 0.002 -24"><span class='ocrx_word' id='word_1_113' title='bbox 239 1651 343 1724; x_wconf 88' lang='lat' dir='ltr'><strong>putat.</strong></span> <span class='ocrx_word' id='word_1_114' title='bbox 378 1640 520 1710; x_wconf 85' lang='lat' dir='ltr'><strong>¹Necesse</strong></span> <span class='ocrx_word' id='word_1_115' title='bbox 542 1641 584 1702; x_wconf 89' lang='lat' dir='ltr'><strong>est</strong></span> <span class='ocrx_word' id='word_1_116' title='bbox 605 1639 706 1716; x_wconf 91' lang='lat' dir='ltr'><strong>enim,</strong></span> <span class='ocrx_word' id='word_1_117' title='bbox 721 1639 845 1724; x_wconf 85' lang='lat' dir='ltr'><strong>semper</strong></span> <span class='ocrx_word' id='word_1_118' title='bbox 863 1638 902 1702; x_wconf 91' lang='lat' dir='ltr'><strong>sit</strong></span> <span class='ocrx_word' id='word_1_119' title='bbox 919 1639 1080 1724; x_wconf 87' lang='lat' dir='ltr'><strong>posterior,</strong></span> <span class='ocrx_word' id='word_1_120' title='bbox 1094 1641 1151 1726; x_wconf 91' lang='lat' dir='ltr'><strong>qui</strong></span> <span class='ocrx_word' id='word_1_121' title='bbox 1168 1640 1275 1728; x_wconf 83' lang='lat' dir='ltr'><strong>sequi-</strong></span> 
     </span>
     <span class='ocr_line' id='line_1_15' title="bbox 240 1722 1275 1813; baseline 0.005 -25"><span class='ocrx_word' id='word_1_122' title='bbox 240 1737 306 1802; x_wconf 81' lang='lat' dir='ltr'><strong>tur.</strong></span> <span class='ocrx_word' id='word_1_123' title='bbox 349 1724 445 1790; x_wconf 88' lang='lat' dir='ltr'><strong>Adde</strong></span> <span class='ocrx_word' id='word_1_124' title='bbox 459 1723 548 1812; x_wconf 91' lang='lat' dir='ltr'><strong>quod</strong></span> <span class='ocrx_word' id='word_1_125' title='bbox 560 1724 750 1812; x_wconf 86' lang='lat' dir='ltr'><strong>plerumque</strong></span> <span class='ocrx_word' id='word_1_126' title='bbox 763 1722 889 1788; x_wconf 79' lang='lat' dir='ltr'><strong>facilius</strong></span> <span class='ocrx_word' id='word_1_127' title='bbox 903 1724 948 1790; x_wconf 84' lang='lat' dir='ltr'><strong>est</strong></span> <span class='ocrx_word' id='word_1_128' title='bbox 962 1723 1033 1810; x_wconf 88' lang='lat' dir='ltr'><strong>plus</strong></span> <span class='ocrx_word' id='word_1_129' title='bbox 1047 1722 1163 1802; x_wconf 88' lang='lat' dir='ltr'><strong>facere,</strong></span> <span class='ocrx_word' id='word_1_130' title='bbox 1176 1748 1275 1813; x_wconf 89' lang='lat' dir='ltr'><strong>quam</strong></span> 
     </span>
     <span class='ocr_line' id='line_1_16' title="bbox 239 1806 1276 1892; baseline 0.005 -18"><span class='ocrx_word' id='word_1_131' title='bbox 239 1807 340 1876; x_wconf 84' lang='lat' dir='ltr'><strong>idem.</strong></span> <span class='ocrx_word' id='word_1_132' title='bbox 382 1813 520 1876; x_wconf 83' lang='lat' dir='ltr'><strong>Tantam</strong></span> <span class='ocrx_word' id='word_1_133' title='bbox 546 1809 633 1874; x_wconf 90' lang='lat' dir='ltr'><strong>enini</strong></span> <span class='ocrx_word' id='word_1_134' title='bbox 659 1806 880 1874; x_wconf 89' lang='lat' dir='ltr'><strong>difficultatem</strong></span> <span class='ocrx_word' id='word_1_135' title='bbox 902 1808 1003 1874; x_wconf 85' lang='lat' dir='ltr'><strong>habet</strong></span> <span class='ocrx_word' id='word_1_136' title='bbox 1026 1809 1211 1892; x_wconf 73' lang='lat' dir='ltr'><strong>similitudo,</strong></span> <span class='ocrx_word' id='word_1_137' title='bbox 1237 1825 1276 1879; x_wconf 91' lang='lat' dir='ltr'><strong>ut</strong></span> 
     </span>
     <span class='ocr_line' id='line_1_17' title="bbox 240 1892 1273 1983; baseline -0.001 -21"><span class='ocrx_word' id='word_1_138' title='bbox 240 1918 282 1962; x_wconf 89' lang='lat' dir='ltr'><strong>ne</strong></span> <span class='ocrx_word' id='word_1_139' title='bbox 296 1897 361 1983; x_wconf 79' lang='lat' dir='ltr'><strong>ip‘sa</strong></span> <span class='ocrx_word' id='word_1_140' title='bbox 381 1895 513 1980; x_wconf 85' lang='lat' dir='ltr'><strong>quidem</strong></span> <span class='ocrx_word' id='word_1_141' title='bbox 535 1907 648 1959; x_wconf 87' lang='lat' dir='ltr'><strong>natura</strong></span> <span class='ocrx_word' id='word_1_142' title='bbox 670 1893 704 1958; x_wconf 92' lang='lat' dir='ltr'><strong>in</strong></span> <span class='ocrx_word' id='word_1_143' title='bbox 725 1892 788 1964; x_wconf 85' lang='lat' dir='ltr'><strong>hoc</strong></span> <span class='ocrx_word' id='word_1_144' title='bbox 809 1893 855 1958; x_wconf 92' lang='lat' dir='ltr'><strong>ita</strong></span> <span class='ocrx_word' id='word_1_145' title='bbox 875 1893 1063 1975; x_wconf 74' lang='lat' dir='ltr'><strong>eruueriti,</strong></span> <span class='ocrx_word' id='word_1_146' title='bbox 1078 1909 1117 1961; x_wconf 89' lang='lat' dir='ltr'><strong>ut</strong></span> <span class='ocrx_word' id='word_1_147' title='bbox 1133 1917 1197 1960; x_wconf 92' lang='lat' dir='ltr'><strong>non</strong></span> <span class='ocrx_word' id='word_1_148' title='bbox 1210 1919 1273 1979; x_wconf 86' lang='lat' dir='ltr'><strong>res,</strong></span> 
     </span>
     <span class='ocr_line' id='line_1_18' title="bbox 240 1976 1273 2066; baseline 0.002 -20"><span class='ocrx_word' id='word_1_149' title='bbox 240 2002 314 2066; x_wconf 83' lang='lat' dir='ltr'><strong>quae</strong></span> <span class='ocrx_word' id='word_1_150' title='bbox 330 1976 497 2046; x_wconf 84' lang='lat' dir='ltr'><strong>simillimae</strong></span> <span class='ocrx_word' id='word_1_151' title='bbox 507 1979 679 2054; x_wconf 66' lang='lat' dir='ltr'><strong>,videantur</strong></span> <span class='ocrx_word' id='word_1_152' title='bbox 690 1991 713 2056; x_wconf 77' lang='lat' dir='ltr'><strong>r,</strong></span> <span class='ocrx_word' id='word_1_153' title='bbox 727 1977 908 2049; x_wconf 86' lang='lat' dir='ltr'><strong>discrimine</strong></span> <span class='ocrx_word' id='word_1_154' title='bbox 921 1979 1030 2066; x_wconf 86' lang='lat' dir='ltr'><strong>aliquo</strong></span> <span class='ocrx_word' id='word_1_155' title='bbox 1044 1979 1273 2049; x_wconf 82' lang='lat' dir='ltr'><strong>discernantur.</strong></span> 
     </span>
     <span class='ocr_line' id='line_1_19' title="bbox 185 2060 1323 2164; baseline 0.004 -34"><span class='ocrx_word' id='word_1_156' title='bbox 185 2085 223 2148; x_wconf 67' lang='lat'><strong>11</strong></span> <span class='ocrx_word' id='word_1_157' title='bbox 240 2065 335 2132; x_wconf 89' lang='lat' dir='ltr'><strong>Adde</strong></span> <span class='ocrx_word' id='word_1_158' title='bbox 349 2065 436 2152; x_wconf 90' lang='lat' dir='ltr'><strong>quod</strong></span> <span class='ocrx_word' id='word_1_159' title='bbox 451 2060 611 2164; x_wconf 84' lang='lat' dir='ltr'><strong>quidquid</strong></span> <span class='ocrx_word' id='word_1_160' title='bbox 624 2063 715 2132; x_wconf 86' lang='lat' dir='ltr'><strong>alteri</strong></span> <span class='ocrx_word' id='word_1_161' title='bbox 730 2063 829 2128; x_wconf 89' lang='lat' dir='ltr'><strong>simile</strong></span> <span class='ocrx_word' id='word_1_162' title='bbox 843 2065 896 2146; x_wconf 89' lang='lat' dir='ltr'><strong>est,</strong></span> <span class='ocrx_word' id='word_1_163' title='bbox 911 2064 1032 2130; x_wconf 86' lang='lat' dir='ltr'><strong>necesse</strong></span> <span class='ocrx_word' id='word_1_164' title='bbox 1052 2067 1095 2130; x_wconf 88' lang='lat' dir='ltr'><strong>est</strong></span> <span class='ocrx_word' id='word_1_165' title='bbox 1114 2066 1221 2131; x_wconf 89' lang='lat' dir='ltr'><strong>minus</strong></span> <span class='ocrx_word' id='word_1_166' title='bbox 1236 2069 1275 2134; x_wconf 85' lang='lat' dir='ltr'><strong>sit</strong></span> <span class='ocrx_word' id='word_1_167' title='bbox 1318 2072 1323 2082; x_wconf 90' lang='lat'>&#39;</span> 
     </span>
     <span class='ocr_line' id='line_1_20' title="bbox 240 2149 1275 2238; baseline 0.002 -23"><span class='ocrx_word' id='word_1_168' title='bbox 240 2173 291 2230; x_wconf 90' lang='lat' dir='ltr'><strong>eo,</strong></span> <span class='ocrx_word' id='word_1_169' title='bbox 307 2152 394 2238; x_wconf 92' lang='lat' dir='ltr'><strong>quod</strong></span> <span class='ocrx_word' id='word_1_170' title='bbox 418 2151 571 2230; x_wconf 87' lang='lat' dir='ltr'><strong>imitatur,</strong></span> <span class='ocrx_word' id='word_1_171' title='bbox 590 2171 647 2214; x_wconf 68' lang='lat' dir='ltr'><strong>iia¹</strong></span> <span class='ocrx_word' id='word_1_172' title='bbox 664 2149 778 2214; x_wconf 87' lang='lat' dir='ltr'><strong>umbra</strong></span> <span class='ocrx_word' id='word_1_173' title='bbox 797 2171 940 2237; x_wconf 89' lang='lat' dir='ltr'><strong>corpore,</strong></span> <span class='ocrx_word' id='word_1_174' title='bbox 955 2162 989 2214; x_wconf 90' lang='lat' dir='ltr'><strong>et</strong></span> <span class='ocrx_word' id='word_1_175' title='bbox 1006 2150 1114 2238; x_wconf 84' lang='lat' dir='ltr'><strong>imago</strong></span> <span class='ocrx_word' id='word_1_176' title='bbox 1130 2151 1222 2231; x_wconf 85' lang='lat' dir='ltr'><strong>facie,</strong></span> <span class='ocrx_word' id='word_1_177' title='bbox 1238 2166 1275 2218; x_wconf 90' lang='lat' dir='ltr'><strong>et</strong></span> 
     </span>
     <span class='ocr_line' id='line_1_21' title="bbox 238 2234 1274 2307; baseline 0.003 -8"><span class='ocrx_word' id='word_1_178' title='bbox 238 2237 328 2302; x_wconf 73' lang='lat' dir='ltr'><strong>atius</strong></span> <span class='ocrx_word' id='word_1_179' title='bbox 353 2236 541 2307; x_wconf 86' lang='lat' dir='ltr'><strong>histrionum</strong></span> <span class='ocrx_word' id='word_1_180' title='bbox 568 2235 648 2300; x_wconf 87' lang='lat' dir='ltr'><strong>veris</strong></span> <span class='ocrx_word' id='word_1_181' title='bbox 672 2234 850 2300; x_wconf 70' lang='lat' dir='ltr'><strong>affeclibua</strong></span> <span class='ocrx_word' id='word_1_182' title='bbox 895 2234 994 2302; x_wconf 78' lang='lat' dir='ltr'><strong>Quod</strong></span> <span class='ocrx_word' id='word_1_183' title='bbox 1018 2235 1052 2299; x_wconf 93' lang='lat' dir='ltr'><strong>in</strong></span> <span class='ocrx_word' id='word_1_184' title='bbox 1075 2237 1274 2302; x_wconf 82' lang='lat' dir='ltr'><strong>orationibus</strong></span> 
     </span>
    </p>
   </div>
   <div class='ocr_carea' id='block_1_3' title="bbox 1505 35 1515 1272">
    <p class='ocr_par' dir='ltr' id='par_1_4' title="bbox 1505 35 1515 1272">
     <span class='ocr_line' id='line_1_22' title="bbox 1505 35 1515 1272; baseline 0 0"><span class='ocrx_word' id='word_1_185' title='bbox 1505 35 1515 1272; x_wconf 95' lang='lat' dir='ltr'><strong> </strong></span> 
     </span>
    </p>
   </div>
   <div class='ocr_carea' id='block_1_4' title="bbox 238 2319 1377 2410">
    <p class='ocr_par' dir='ltr' id='par_1_5' title="bbox 238 2319 1377 2410">
     <span class='ocr_line' id='line_1_23' title="bbox 238 2319 1377 2410; baseline 0.004 -24"><span class='ocrx_word' id='word_1_186' title='bbox 238 2341 368 2409; x_wconf 88' lang='lat' dir='ltr'><strong>quoque</strong></span> <span class='ocrx_word' id='word_1_187' title='bbox 389 2322 507 2388; x_wconf 88' lang='lat' dir='ltr'><strong>evenit.</strong></span> <span class='ocrx_word' id='word_1_188' title='bbox 550 2323 704 2410; x_wconf 81' lang='lat' dir='ltr'><strong>Namque</strong></span> <span class='ocrx_word' id='word_1_189' title='bbox 725 2319 776 2402; x_wconf 84' lang='lat' dir='ltr'><strong>iis,</strong></span> <span class='ocrx_word' id='word_1_190' title='bbox 793 2343 866 2408; x_wconf 87' lang='lat' dir='ltr'><strong>quae</strong></span> <span class='ocrx_word' id='word_1_191' title='bbox 887 2319 920 2384; x_wconf 93' lang='lat' dir='ltr'><strong>in</strong></span> <span class='ocrx_word' id='word_1_192' title='bbox 942 2319 1125 2407; x_wconf 89' lang='lat' dir='ltr'><strong>exemplum</strong></span> <span class='ocrx_word' id='word_1_193' title='bbox 1145 2323 1273 2386; x_wconf 79' lang='lat' dir='ltr'><strong>assumi·</strong></span> <span class='ocrx_word' id='word_1_194' title='bbox 1374 2371 1377 2390; x_wconf 89' lang='lat'><strong>.</strong></span> 
     </span>
    </p>
   </div>
   <div class='ocr_carea' id='block_1_5' title="bbox 184 2403 1306 3179">
    <p class='ocr_par' dir='ltr' id='par_1_6' title="bbox 184 2403 1306 3179">
     <span class='ocr_line' id='line_1_24' title="bbox 238 2403 1273 2488; baseline 0.003 -18"><span class='ocrx_word' id='word_1_195' title='bbox 238 2429 323 2488; x_wconf 89' lang='lat' dir='ltr'><strong>mus,</strong></span> <span class='ocrx_word' id='word_1_196' title='bbox 343 2408 443 2472; x_wconf 90' lang='lat' dir='ltr'><strong>subest</strong></span> <span class='ocrx_word' id='word_1_197' title='bbox 469 2420 594 2486; x_wconf 87' lang='lat' dir='ltr'><strong>natura,</strong></span> <span class='ocrx_word' id='word_1_198' title='bbox 609 2419 643 2472; x_wconf 91' lang='lat' dir='ltr'><strong>et</strong></span> <span class='ocrx_word' id='word_1_199' title='bbox 667 2427 743 2472; x_wconf 88' lang='lat' dir='ltr'><strong>vera</strong></span> <span class='ocrx_word' id='word_1_200' title='bbox 765 2405 839 2470; x_wconf 85' lang='lat' dir='ltr'><strong>vis:</strong></span> <span class='ocrx_word' id='word_1_201' title='bbox 871 2415 984 2472; x_wconf 85' lang='lat' dir='ltr'><strong>contra</strong></span> <span class='ocrx_word' id='word_1_202' title='bbox 1005 2405 1111 2470; x_wconf 87' lang='lat' dir='ltr'><strong>omnis</strong></span> <span class='ocrx_word' id='word_1_203' title='bbox 1132 2403 1273 2472; x_wconf 85' lang='lat' dir='ltr'><strong>imitatio</strong></span> 
     </span>
     <span class='ocr_line' id='line_1_25' title="bbox 184 2491 1306 2579; baseline -0.003 -20"><span class='ocrx_word' id='word_1_204' title='bbox 184 2511 224 2562; x_wconf 84' lang='lat'><strong>12</strong></span> <span class='ocrx_word' id='word_1_205' title='bbox 238 2492 377 2572; x_wconf 74' lang='lat' dir='ltr'><strong>sisiaest,</strong></span> <span class='ocrx_word' id='word_1_206' title='bbox 393 2492 481 2560; x_wconf 89' lang='lat' dir='ltr'><strong>etad</strong></span> <span class='ocrx_word' id='word_1_207' title='bbox 494 2493 636 2560; x_wconf 89' lang='lat' dir='ltr'><strong>alienum</strong></span> <span class='ocrx_word' id='word_1_208' title='bbox 650 2491 842 2579; x_wconf 85' lang='lat' dir='ltr'><strong>propositum</strong></span> <span class='ocrx_word' id='word_1_209' title='bbox 857 2491 1130 2557; x_wconf 85' lang='lat' dir='ltr'><strong>accommodatur.</strong></span> <span class='ocrx_word' id='word_1_210' title='bbox 1174 2495 1272 2560; x_wconf 77' lang='lat' dir='ltr'><strong>Quo·</strong></span> <span class='ocrx_word' id='word_1_211' title='bbox 1303 2524 1306 2532; x_wconf 95' lang='lat'><em>·</em></span> 
     </span>
     <span class='ocr_line' id='line_1_26' title="bbox 236 2575 1270 2664; baseline 0.001 -22"><span class='ocrx_word' id='word_1_212' title='bbox 236 2577 284 2658; x_wconf 85' lang='lat' dir='ltr'><strong>fit,</strong></span> <span class='ocrx_word' id='word_1_213' title='bbox 300 2591 338 2650; x_wconf 84' lang='lat' dir='ltr'><strong>ut</strong></span> <span class='ocrx_word' id='word_1_214' title='bbox 351 2578 459 2648; x_wconf 86' lang='lat' dir='ltr'><strong>minus</strong></span> <span class='ocrx_word' id='word_1_215' title='bbox 481 2577 642 2664; x_wconf 81' lang='lat' dir='ltr'><strong>sanguinis</strong></span> <span class='ocrx_word' id='word_1_216' title='bbox 657 2599 694 2642; x_wconf 93' lang='lat' dir='ltr'><strong>ac</strong></span> <span class='ocrx_word' id='word_1_217' title='bbox 713 2575 827 2641; x_wconf 89' lang='lat' dir='ltr'><strong>virium</strong></span> <span class='ocrx_word' id='word_1_218' title='bbox 849 2575 1099 2641; x_wconf 87' lang='lat' dir='ltr'><strong>declamationes</strong></span> <span class='ocrx_word' id='word_1_219' title='bbox 1119 2576 1270 2660; x_wconf 90' lang='lat' dir='ltr'><strong>habeant,</strong></span> 
     </span>
     <span class='ocr_line' id='line_1_27' title="bbox 236 2660 1272 2750; baseline -0.001 -22"><span class='ocrx_word' id='word_1_220' title='bbox 236 2686 333 2750; x_wconf 88' lang='lat' dir='ltr'><strong>quam</strong></span> <span class='ocrx_word' id='word_1_221' title='bbox 347 2664 527 2736; x_wconf 77' lang='lat' dir='ltr'><strong>orationes:</strong></span> <span class='ocrx_word' id='word_1_222' title='bbox 550 2662 639 2748; x_wconf 90' lang='lat' dir='ltr'><strong>quod</strong></span> <span class='ocrx_word' id='word_1_223' title='bbox 654 2660 766 2726; x_wconf 91' lang='lat' dir='ltr'><strong>inillis</strong></span> <span class='ocrx_word' id='word_1_224' title='bbox 787 2681 870 2741; x_wconf 85' lang='lat' dir='ltr'><strong>vera,</strong></span> <span class='ocrx_word' id='word_1_225' title='bbox 885 2660 918 2724; x_wconf 93' lang='lat' dir='ltr'><strong>in</strong></span> <span class='ocrx_word' id='word_1_226' title='bbox 940 2660 992 2726; x_wconf 88' lang='lat' dir='ltr'><strong>his</strong></span> <span class='ocrx_word' id='word_1_227' title='bbox 1012 2661 1185 2728; x_wconf 87' lang='lat' dir='ltr'><strong>assimulata</strong></span> <span class='ocrx_word' id='word_1_228' title='bbox 1198 2685 1272 2727; x_wconf 53' lang='lat' dir='ltr'><strong>ma*</strong></span> 
     </span>
     <span class='ocr_line' id='line_1_28' title="bbox 236 2745 1269 2835; baseline 0.001 -23"><span class='ocrx_word' id='word_1_229' title='bbox 236 2750 315 2814; x_wconf 89' lang='lat' dir='ltr'><strong>teria</strong></span> <span class='ocrx_word' id='word_1_230' title='bbox 327 2750 383 2814; x_wconf 85' lang='lat' dir='ltr'><strong>esi.</strong></span> <span class='ocrx_word' id='word_1_231' title='bbox 426 2748 523 2820; x_wconf 83' lang='lat' dir='ltr'><strong>Adde</strong></span> <span class='ocrx_word' id='word_1_232' title='bbox 545 2747 633 2835; x_wconf 90' lang='lat' dir='ltr'><strong>quod</strong></span> <span class='ocrx_word' id='word_1_233' title='bbox 653 2769 702 2828; x_wconf 85' lang='lat' dir='ltr'><strong>ea,</strong></span> <span class='ocrx_word' id='word_1_234' title='bbox 716 2769 790 2834; x_wconf 82' lang='lat' dir='ltr'><strong>quae</strong></span> <span class='ocrx_word' id='word_1_235' title='bbox 811 2745 845 2812; x_wconf 89' lang='lat' dir='ltr'><strong>in</strong></span> <span class='ocrx_word' id='word_1_236' title='bbox 867 2754 1008 2811; x_wconf 77' lang='lat' dir='ltr'><strong>oratore‘</strong></span> <span class='ocrx_word' id='word_1_237' title='bbox 1031 2747 1171 2812; x_wconf 85' lang='lat' dir='ltr'><strong>maxima</strong></span> <span class='ocrx_word' id='word_1_238' title='bbox 1184 2747 1269 2830; x_wconf 90' lang='lat' dir='ltr'><strong>sunt,</strong></span> 
     </span>
     <span class='ocr_line' id='line_1_29' title="bbox 236 2831 1270 2918; baseline 0.001 -21"><span class='ocrx_word' id='word_1_239' title='bbox 236 2833 490 2906; x_wconf 74' lang='lat' dir='ltr'><strong>imitabilia2non</strong></span> <span class='ocrx_word' id='word_1_240' title='bbox 515 2835 600 2912; x_wconf 88' lang='lat' dir='ltr'><strong>sunt,</strong></span> <span class='ocrx_word' id='word_1_241' title='bbox 620 2832 782 2918; x_wconf 79' lang='lat' dir='ltr'><strong>ingenium,</strong></span> <span class='ocrx_word' id='word_1_242' title='bbox 803 2831 935 2898; x_wconf 81' lang='lat' dir='ltr'><strong>inventio</strong></span> <span class='ocrx_word' id='word_1_243' title='bbox 946 2842 973 2911; x_wconf 78' lang='lat'><strong>¹¹,</strong></span> <span class='ocrx_word' id='word_1_244' title='bbox 988 2831 1049 2912; x_wconf 83' lang='lat' dir='ltr'><strong>vis,</strong></span> <span class='ocrx_word' id='word_1_245' title='bbox 1060 2873 1064 2882; x_wconf 90' lang='lat'>·</span> <span class='ocrx_word' id='word_1_246' title='bbox 1064 2833 1220 2918; x_wconf 82' lang='lat' dir='ltr'><strong>facilitas,</strong></span> <span class='ocrx_word' id='word_1_247' title='bbox 1236 2847 1270 2899; x_wconf 86' lang='lat' dir='ltr'><strong>et</strong></span> 
     </span>
     <span class='ocr_line' id='line_1_30' title="bbox 184 2916 1270 3006; baseline 0 -22"><span class='ocrx_word' id='word_1_248' title='bbox 184 2937 222 3005; x_wconf 81' lang='lat'><strong>13</strong></span> <span class='ocrx_word' id='word_1_249' title='bbox 236 2920 312 3006; x_wconf 84' lang='lat' dir='ltr'><strong>quid</strong></span> <span class='ocrx_word' id='word_1_250' title='bbox 336 2919 392 2992; x_wconf 79' lang='lat' dir='ltr'><strong>uid</strong></span> <span class='ocrx_word' id='word_1_251' title='bbox 405 2934 471 2990; x_wconf 85' lang='lat' dir='ltr'><strong>arte</strong></span> <span class='ocrx_word' id='word_1_252' title='bbox 484 2942 550 2990; x_wconf 88' lang='lat' dir='ltr'><strong>non</strong></span> <span class='ocrx_word' id='word_1_253' title='bbox 565 2918 710 2983; x_wconf 87' lang='lat' dir='ltr'><strong>traditur.</strong></span> <span class='ocrx_word' id='word_1_254' title='bbox 754 2917 899 3004; x_wconf 88' lang='lat' dir='ltr'><strong>Ideoque</strong></span> <span class='ocrx_word' id='word_1_255' title='bbox 912 2916 990 3004; x_wconf 86' lang='lat' dir='ltr'><strong>pleri</strong></span> <span class='ocrx_word' id='word_1_256' title='bbox 1016 2940 1067 2996; x_wconf 88' lang='lat' dir='ltr'><strong>ue,</strong></span> <span class='ocrx_word' id='word_1_257' title='bbox 1083 2939 1157 2983; x_wconf 90' lang='lat' dir='ltr'><strong>cum</strong></span> <span class='ocrx_word' id='word_1_258' title='bbox 1173 2920 1270 2984; x_wconf 89' lang='lat' dir='ltr'><strong>verba</strong></span> 
     </span>
     <span class='ocr_line' id='line_1_31' title="bbox 259 2941 1268 3090; baseline -0.002 -22"><span class='ocrx_word' id='word_1_259' title='bbox 259 2944 383 3070; x_wconf 70' lang='lat' dir='ltr'><strong>uaedam</strong></span> <span class='ocrx_word' id='word_1_260' title='bbox 396 3027 438 3070; x_wconf 86' lang='lat' dir='ltr'><strong>ex</strong></span> <span class='ocrx_word' id='word_1_261' title='bbox 454 3004 651 3070; x_wconf 87' lang='lat' dir='ltr'><strong>orationibus</strong></span> <span class='ocrx_word' id='word_1_262' title='bbox 665 3002 897 3090; x_wconf 86' lang='lat' dir='ltr'><strong>excerpserunt,</strong></span> <span class='ocrx_word' id='word_1_263' title='bbox 912 3013 969 3066; x_wconf 89' lang='lat' dir='ltr'><strong>aut</strong></span> <span class='ocrx_word' id='word_1_264' title='bbox 990 2941 1112 3088; x_wconf 69' lang='lat' dir='ltr'><strong>iliquos</strong></span> <span class='ocrx_word' id='word_1_265' title='bbox 1134 3025 1205 3068; x_wconf 92' lang='lat' dir='ltr'><strong>com</strong></span> <span class='ocrx_word' id='word_1_266' title='bbox 1252 3043 1268 3058; x_wconf 87' lang='lat'><em>-</em></span> 
     </span>
     <span class='ocr_line' id='line_1_32' title="bbox 236 3027 1267 3179; baseline 0.001 -23"><span class='ocrx_word' id='word_1_267' title='bbox 236 3027 356 3162; x_wconf 59' lang='lat' dir='ltr'><strong>iitiouis</strong></span> <span class='ocrx_word' id='word_1_268' title='bbox 371 3103 473 3156; x_wconf 87' lang='lat' dir='ltr'><strong>certos</strong></span> <span class='ocrx_word' id='word_1_269' title='bbox 487 3090 596 3179; x_wconf 79' lang='lat' dir='ltr'><strong>pedes,</strong></span> <span class='ocrx_word' id='word_1_270' title='bbox 610 3088 691 3156; x_wconf 90' lang='lat' dir='ltr'><strong>mire</strong></span> <span class='ocrx_word' id='word_1_271' title='bbox 705 3087 780 3170; x_wconf 89' lang='lat' dir='ltr'><strong>ase,</strong></span> <span class='ocrx_word' id='word_1_272' title='bbox 795 3110 868 3176; x_wconf 85' lang='lat' dir='ltr'><strong>quae</strong></span> <span class='ocrx_word' id='word_1_273' title='bbox 882 3087 1041 3179; x_wconf 82' lang='lat' dir='ltr'><strong>legerunt,</strong></span> <span class='ocrx_word' id='word_1_274' title='bbox 1056 3089 1166 3178; x_wconf 87' lang='lat' dir='ltr'><strong>effingi</strong></span> <span class='ocrx_word' id='word_1_275' title='bbox 1180 3027 1267 3157; x_wconf 69' lang='lat' dir='ltr'><strong>cilii-</strong></span> 
     </span>
    </p>
   </div>
   <div class='ocr_carea' id='block_1_6' title="bbox 172 3267 1268 3494">
    <p class='ocr_par' dir='ltr' id='par_1_7' title="bbox 172 3267 1268 3494">
     <span class='ocr_line' id='line_1_33' title="bbox 172 3267 1268 3357; baseline 0.002 -14"><span class='ocrx_word' id='word_1_276' title='bbox 172 3304 176 3312; x_wconf 88' lang='lat'><em>&#39;</em></span> <span class='ocrx_word' id='word_1_277' title='bbox 268 3300 288 3324; x_wconf 73' lang='lat'><strong>“¹</strong></span> <span class='ocrx_word' id='word_1_278' title='bbox 307 3273 398 3344; x_wconf 71' lang='lat' dir='ltr'><strong>aulem.</strong></span> <span class='ocrx_word' id='word_1_279' title='bbox 474 3269 494 3326; x_wconf 34' lang='lat'><strong>¹¹⁵</strong></span> <span class='ocrx_word' id='word_1_280' title='bbox 506 3267 619 3357; x_wconf 76' lang='lat' dir='ltr'><strong>possimus</strong></span> <span class='ocrx_word' id='word_1_281' title='bbox 630 3293 710 3342; x_wconf 90' lang='lat' dir='ltr'><strong>ullum</strong></span> <span class='ocrx_word' id='word_1_282' title='bbox 721 3294 753 3342; x_wconf 80' lang='lat' dir='ltr'><strong>id.</strong></span> <span class='ocrx_word' id='word_1_283' title='bbox 833 3299 923 3343; x_wconf 69' lang='lat' dir='ltr'><strong>‘cuni</strong></span> <span class='ocrx_word' id='word_1_284' title='bbox 934 3295 960 3344; x_wconf 92' lang='lat' dir='ltr'><strong>in</strong></span> <span class='ocrx_word' id='word_1_285' title='bbox 970 3295 999 3344; x_wconf 86' lang='lat' dir='ltr'><strong>iis</strong></span> <span class='ocrx_word' id='word_1_286' title='bbox 1009 3313 1051 3344; x_wconf 81' lang='lat' dir='ltr'><strong>ani.</strong></span> <span class='ocrx_word' id='word_1_287' title='bbox 1063 3296 1095 3345; x_wconf 88' lang='lat' dir='ltr'><strong>G.</strong></span> <span class='ocrx_word' id='word_1_288' title='bbox 1174 3298 1268 3346; x_wconf 71' lang='lat' dir='ltr'><strong>Psurn-</strong></span> 
     </span>
     <span class='ocr_line' id='line_1_34' title="bbox 234 3359 1267 3424; baseline 0 -16"><span class='ocrx_word' id='word_1_289' title='bbox 234 3371 305 3408; x_wconf 81' lang='lat' dir='ltr'><strong>inam</strong></span> <span class='ocrx_word' id='word_1_290' title='bbox 316 3361 349 3407; x_wconf 86' lang='lat' dir='ltr'><strong>G.</strong></span> <span class='ocrx_word' id='word_1_291' title='bbox 357 3361 421 3410; x_wconf 84' lang='lat' dir='ltr'><strong>Jens.</strong></span> <span class='ocrx_word' id='word_1_292' title='bbox 485 3360 616 3408; x_wconf 60' lang='lat' dir='ltr'><strong>⁴*caluerit</strong></span> <span class='ocrx_word' id='word_1_293' title='bbox 625 3360 689 3407; x_wconf 85' lang='lat' dir='ltr'><strong>lens.</strong></span> <span class='ocrx_word' id='word_1_294' title='bbox 766 3359 904 3407; x_wconf 79' lang='lat' dir='ltr'><strong>rridentur</strong></span> <span class='ocrx_word' id='word_1_295' title='bbox 915 3361 946 3408; x_wconf 90' lang='lat' dir='ltr'><strong>G.</strong></span> <span class='ocrx_word' id='word_1_296' title='bbox 1023 3360 1115 3424; x_wconf 80' lang='lat' dir='ltr'><strong>&#39;quod</strong></span> <span class='ocrx_word' id='word_1_297' title='bbox 1125 3361 1188 3412; x_wconf 85' lang='lat' dir='ltr'><strong>Jeiis.</strong></span> <span class='ocrx_word' id='word_1_298' title='bbox 1201 3363 1267 3414; x_wconf 79' lang='lat' dir='ltr'><strong>malr.</strong></span> 
     </span>
     <span class='ocr_line' id='line_1_35' title="bbox 237 3423 984 3494; baseline -0.003 -20"><span class='ocrx_word' id='word_1_299' title='bbox 237 3430 245 3454; x_wconf 72' lang='lat'><strong>²</strong></span> <span class='ocrx_word' id='word_1_300' title='bbox 263 3425 368 3474; x_wconf 82' lang='lat' dir='ltr'><strong>oratioue</strong></span> <span class='ocrx_word' id='word_1_301' title='bbox 380 3425 412 3474; x_wconf 78' lang='lat' dir='ltr'><strong>il.</strong></span> <span class='ocrx_word' id='word_1_302' title='bbox 474 3425 701 3494; x_wconf 17' lang='lat' dir='ltr'><strong>*ln-inventionifac.</strong></span> <span class='ocrx_word' id='word_1_303' title='bbox 712 3423 742 3472; x_wconf 88' lang='lat' dir='ltr'><strong>G.</strong></span> <span class='ocrx_word' id='word_1_304' title='bbox 760 3423 910 3474; x_wconf 78' lang='lat' dir='ltr'><strong>inventiones</strong></span> <span class='ocrx_word' id='word_1_305' title='bbox 919 3425 984 3479; x_wconf 65' lang='lat' dir='ltr'><strong>lans,</strong></span> 
     </span>
    </p>
   </div>
   <div class='ocr_carea' id='block_1_7' title="bbox 232 3586 1335 3920">
    <p class='ocr_par' dir='ltr' id='par_1_8' title="bbox 232 3586 1335 3920">
     <span class='ocr_line' id='line_1_36' title="bbox 235 3586 1186 3660; baseline -0.004 -18"><span class='ocrx_word' id='word_1_306' title='bbox 235 3591 332 3654; x_wconf 87' lang='lat' dir='ltr'><strong>beatur,</strong></span> <span class='ocrx_word' id='word_1_307' title='bbox 345 3608 393 3646; x_wconf 91' lang='lat' dir='ltr'><strong>non</strong></span> <span class='ocrx_word' id='word_1_308' title='bbox 404 3591 528 3644; x_wconf 73' lang='lat' dir='ltr'><strong>convehit.</strong></span> <span class='ocrx_word' id='word_1_309' title='bbox 541 3590 594 3660; x_wconf 73' lang='lat' dir='ltr'><strong>uid.</strong></span> <span class='ocrx_word' id='word_1_310' title='bbox 605 3587 723 3642; x_wconf 71' lang='lat' dir='ltr'><strong>Plinii.</strong></span> <span class='ocrx_word' id='word_1_311' title='bbox 760 3586 915 3654; x_wconf 48' lang='grc' dir='ltr'><strong>ἰο,ω,,ι8.</strong></span> <span class='ocrx_word' id='word_1_312' title='bbox 1183 3605 1186 3611; x_wconf 90' lang='grc'><em>·</em></span> 
     </span>
     <span class='ocr_line' id='line_1_37' title="bbox 235 3655 1262 3728; baseline -0.003 -15"><span class='ocrx_word' id='word_1_313' title='bbox 235 3663 271 3713; x_wconf 90' lang='lat' dir='ltr'><strong>N.</strong></span> <span class='ocrx_word' id='word_1_314' title='bbox 292 3679 335 3727; x_wconf 77' lang='lat'><strong>35,</strong></span> <span class='ocrx_word' id='word_1_315' title='bbox 350 3679 374 3726; x_wconf 77' lang='lat'><strong>3,</strong></span> <span class='ocrx_word' id='word_1_316' title='bbox 393 3663 412 3714; x_wconf 85' lang='lat' dir='ltr'><strong>s.</strong></span> <span class='ocrx_word' id='word_1_317' title='bbox 438 3655 613 3728; x_wconf 48' lang='lat' dir='ltr'><strong>seArhc&#39;uag.</strong></span> <span class='ocrx_word' id='word_1_318' title='bbox 633 3663 727 3728; x_wconf 72' lang='lat' dir='ltr'><strong>Legat.</strong></span> <span class='ocrx_word' id='word_1_319' title='bbox 802 3655 1262 3728; x_wconf 67' lang='lat' dir='ltr'><strong>io.rer··.-finiildmae-discernan&#39;tar]</strong></span> 
     </span>
     <span class='ocr_line' id='line_1_38' title="bbox 232 3728 1335 3812; baseline -0.005 -29"><span class='ocrx_word' id='word_1_320' title='bbox 232 3749 281 3812; x_wconf 61' lang='lat' dir='ltr'><strong>pro</strong></span> <span class='ocrx_word' id='word_1_321' title='bbox 290 3732 424 3784; x_wconf 80' lang='lat' dir='ltr'><strong>Christian.</strong></span> <span class='ocrx_word' id='word_1_322' title='bbox 437 3749 467 3802; x_wconf 67' lang='lat' dir='ltr'><strong>p:</strong></span> <span class='ocrx_word' id='word_1_323' title='bbox 479 3743 521 3798; x_wconf 66' lang='lat'><strong>53.</strong></span> <span class='ocrx_word' id='word_1_324' title='bbox 534 3730 652 3801; x_wconf 27' lang='lat' dir='ltr'><strong>Dii-chais.¹</strong></span> <span class='ocrx_word' id='word_1_325' title='bbox 665 3730 727 3784; x_wconf 62' lang='lat' dir='ltr'><strong>&amp;m</strong></span> <span class='ocrx_word' id='word_1_326' title='bbox 772 3729 875 3780; x_wconf 76' lang='lat' dir='ltr'><strong>viveres</strong></span> <span class='ocrx_word' id='word_1_327' title='bbox 892 3728 975 3787; x_wconf 83' lang='lat' dir='ltr'><strong>hodie,</strong></span> <span class='ocrx_word' id='word_1_328' title='bbox 986 3729 1060 3789; x_wconf 85' lang='lat' dir='ltr'><strong>Fabi,</strong></span> <span class='ocrx_word' id='word_1_329' title='bbox 1071 3728 1167 3780; x_wconf 82' lang='lat' dir='ltr'><strong>videres</strong></span> <span class='ocrx_word' id='word_1_330' title='bbox 1178 3729 1264 3780; x_wconf 89' lang='lat' dir='ltr'><strong>Pliilo-</strong></span> <span class='ocrx_word' id='word_1_331' title='bbox 1332 3772 1335 3778; x_wconf 75' lang='grc'>,</span> 
     </span>
     <span class='ocr_line' id='line_1_39' title="bbox 279 3796 1264 3920; baseline -0.002 -67"><span class='ocrx_word' id='word_1_332' title='bbox 279 3819 305 3869; x_wconf 82' lang='grc'><strong>9.</strong></span> <span class='ocrx_word' id='word_1_333' title='bbox 333 3801 403 3854; x_wconf 84' lang='lat' dir='ltr'><strong>illum</strong></span> <span class='ocrx_word' id='word_1_334' title='bbox 428 3801 549 3852; x_wconf 64' lang='lat' dir='ltr'><strong>cratonem</strong></span> <span class='ocrx_word' id='word_1_335' title='bbox 573 3798 744 3868; x_wconf 47' lang='lat' dir='ltr'><strong>perficiam}</strong></span> <span class='ocrx_word' id='word_1_336' title='bbox 772 3797 865 3920; x_wconf 44' lang='lat' dir='ltr'><strong>scaphon*</strong></span> <span class='ocrx_word' id='word_1_337' title='bbox 879 3796 940 3848; x_wconf 86' lang='lat' dir='ltr'><strong>serio</strong></span> <span class='ocrx_word' id='word_1_338' title='bbox 960 3797 1006 3848; x_wconf 86' lang='lat' dir='ltr'><strong>hoc</strong></span> <span class='ocrx_word' id='word_1_339' title='bbox 1026 3796 1196 3859; x_wconf 82' lang='lat' dir='ltr'><strong>demonstrare,</strong></span> <span class='ocrx_word' id='word_1_340' title='bbox 1214 3815 1264 3851; x_wconf 88' lang='lat' dir='ltr'><strong>non</strong></span> 
     </span>
     <span class='ocr_line' id='line_1_40' title="bbox 772 3885 785 3919; baseline 0 0"><span class='ocrx_word' id='word_1_341' title='bbox 772 3885 785 3919; x_wconf 85' lang='lat' dir='ltr'><strong>c</strong></span> 
     </span>
    </p>
   </div>
   <div class='ocr_carea' id='block_1_8' title="bbox 231 3859 1276 4429">
    <p class='ocr_par' dir='ltr' id='par_1_9' title="bbox 231 3859 1276 4429">
     <span class='ocr_line' id='line_1_41' title="bbox 234 3859 743 3944; baseline -0.008 -20"><span class='ocrx_word' id='word_1_342' title='bbox 234 3871 316 3944; x_wconf 79' lang='lat' dir='ltr'><strong>Qetn</strong></span> <span class='ocrx_word' id='word_1_343' title='bbox 337 3870 457 3924; x_wconf 71' lang='lat' dir='ltr'><strong>dodlrinae</strong></span> <span class='ocrx_word' id='word_1_344' title='bbox 476 3869 562 3928; x_wconf 68' lang='lat' dir='ltr'><strong>‘causa‘</strong></span> <span class='ocrx_word' id='word_1_345' title='bbox 574 3882 623 3940; x_wconf 80' lang='lat' dir='ltr'><strong>non</strong></span> <span class='ocrx_word' id='word_1_346' title='bbox 637 3859 743 3937; x_wconf 57' lang='lat' dir='ltr'><strong>&#39;duiraej</strong></span> 
     </span>
     <span class='ocr_line' id='line_1_42' title="bbox 232 3934 1264 4006; baseline -0.004 -14"><span class='ocrx_word' id='word_1_347' title='bbox 232 3936 398 4002; x_wconf 76' lang='lat' dir='ltr'><strong>inanimudo,</strong></span> <span class='ocrx_word' id='word_1_348' title='bbox 410 3939 450 3993; x_wconf 80' lang='lat' dir='ltr'><strong>sed</strong></span> <span class='ocrx_word' id='word_1_349' title='bbox 466 3939 648 3992; x_wconf 62' lang='lat' dir='ltr'><strong>miserentium</strong></span> <span class='ocrx_word' id='word_1_350' title='bbox 659 3935 743 4006; x_wconf 84' lang='lat' dir='ltr'><strong>posse-</strong></span> <span class='ocrx_word' id='word_1_351' title='bbox 771 3934 1156 4004; x_wconf 79' lang='lat' dir='ltr'><strong>milia,vel,utloc[uunturviri</strong></span> <span class='ocrx_word' id='word_1_352' title='bbox 1167 3953 1208 3988; x_wconf 90' lang='lat' dir='ltr'><strong>ma</strong></span> <span class='ocrx_word' id='word_1_353' title='bbox 1245 3939 1264 4002; x_wconf 87' lang='lat'><strong>&#39;,</strong></span> 
     </span>
     <span class='ocr_line' id='line_1_43' title="bbox 233 4003 1265 4080; baseline -0.01 -20"><span class='ocrx_word' id='word_1_354' title='bbox 233 4009 375 4080; x_wconf 79' lang='lat' dir='ltr'><strong>aliqnando,</strong></span> <span class='ocrx_word' id='word_1_355' title='bbox 392 4011 465 4062; x_wconf 69' lang='lat' dir='ltr'><strong>sone</strong></span> <span class='ocrx_word' id='word_1_356' title='bbox 480 4003 537 4078; x_wconf 73' lang='lat' dir='ltr'><strong>spei·</strong></span> <span class='ocrx_word' id='word_1_357' title='bbox 547 4008 624 4060; x_wconf 74' lang='lat' dir='ltr'><strong>causa</strong></span> <span class='ocrx_word' id='word_1_358' title='bbox 634 4007 722 4058; x_wconf 84' lang='lat' dir='ltr'><strong>docent</strong></span> <span class='ocrx_word' id='word_1_359' title='bbox 772 4005 974 4066; x_wconf 74' lang='lat' dir='ltr'><strong>indiscernitiiita,</strong></span> <span class='ocrx_word' id='word_1_360' title='bbox 983 4003 1131 4076; x_wconf 70' lang='lat' dir='ltr'><strong>(indiscretae</strong></span> <span class='ocrx_word' id='word_1_361' title='bbox 1146 4021 1184 4057; x_wconf 87' lang='lat' dir='ltr'><strong>res</strong></span> <span class='ocrx_word' id='word_1_362' title='bbox 1209 4006 1265 4061; x_wconf 69' lang='lat' dir='ltr'><strong>imi.</strong></span> 
     </span>
     <span class='ocr_line' id='line_1_44' title="bbox 232 4071 1265 4147; baseline -0.009 -17"><span class='ocrx_word' id='word_1_363' title='bbox 232 4079 350 4132; x_wconf 84' lang='lat' dir='ltr'><strong>rhetores.</strong></span> <span class='ocrx_word' id='word_1_364' title='bbox 382 4082 439 4130; x_wconf 89' lang='lat' dir='ltr'><strong>Hcc</strong></span> <span class='ocrx_word' id='word_1_365' title='bbox 455 4091 517 4147; x_wconf 80' lang='lat' dir='ltr'><strong>opus</strong></span> <span class='ocrx_word' id='word_1_366' title='bbox 529 4077 656 4144; x_wconf 79' lang='lat' dir='ltr'><strong>Ciceronis</strong></span> <span class='ocrx_word' id='word_1_367' title='bbox 668 4088 723 4128; x_wconf 88' lang='lat' dir='ltr'><strong>ium</strong></span> <span class='ocrx_word' id='word_1_368' title='bbox 770 4071 880 4128; x_wconf 75' lang='lat' dir='ltr'><strong>situdinis</strong></span> <span class='ocrx_word' id='word_1_369' title='bbox 889 4073 954 4142; x_wconf 61' lang='lat' dir='ltr'><strong>digit</strong></span> <span class='ocrx_word' id='word_1_370' title='bbox 969 4071 1120 4142; x_wconf 68' lang='lat' dir='ltr'><strong>Pliniusl&#39;ct</strong></span> <span class='ocrx_word' id='word_1_371' title='bbox 1132 4075 1179 4128; x_wconf 89' lang='lat' dir='ltr'><strong>hoc</strong></span> <span class='ocrx_word' id='word_1_372' title='bbox 1191 4075 1207 4129; x_wconf 88' lang='lat' dir='ltr'><strong>si</strong></span> <span class='ocrx_word' id='word_1_373' title='bbox 1219 4077 1265 4129; x_wconf 92' lang='lat' dir='ltr'><strong>ad.</strong></span> 
     </span>
     <span class='ocr_line' id='line_1_45' title="bbox 233 4141 1264 4216; baseline -0.009 -18"><span class='ocrx_word' id='word_1_374' title='bbox 233 4147 259 4198; x_wconf 92' lang='lat' dir='ltr'><strong>in</strong></span> <span class='ocrx_word' id='word_1_375' title='bbox 277 4149 359 4200; x_wconf 79' lang='lat' dir='ltr'><strong>tribus</strong></span> <span class='ocrx_word' id='word_1_376' title='bbox 375 4149 407 4200; x_wconf 86' lang='lat' dir='ltr'><strong>dii</strong></span> <span class='ocrx_word' id='word_1_377' title='bbox 418 4152 522 4201; x_wconf 71' lang='lat' dir='ltr'><strong>Oratore</strong></span> <span class='ocrx_word' id='word_1_378' title='bbox 539 4147 620 4208; x_wconf 67' lang='lat' dir='ltr'><strong>libris,</strong></span> <span class='ocrx_word' id='word_1_379' title='bbox 630 4157 685 4197; x_wconf 75' lang='lat' dir='ltr'><strong>turn</strong></span> <span class='ocrx_word' id='word_1_380' title='bbox 697 4146 738 4196; x_wconf 89' lang='lat' dir='ltr'><strong>in·</strong></span> <span class='ocrx_word' id='word_1_381' title='bbox 771 4144 873 4214; x_wconf 75' lang='lat' dir='ltr'><strong>missurn</strong></span> <span class='ocrx_word' id='word_1_382' title='bbox 887 4143 938 4204; x_wconf 54' lang='lat' dir='ltr'><strong>lits«</strong></span> <span class='ocrx_word' id='word_1_383' title='bbox 956 4141 1011 4195; x_wconf 86' lang='lat' dir='ltr'><strong>lura</strong></span> <span class='ocrx_word' id='word_1_384' title='bbox 1027 4155 1051 4194; x_wconf 86' lang='lat' dir='ltr'><strong>et</strong></span> <span class='ocrx_word' id='word_1_385' title='bbox 1068 4144 1177 4196; x_wconf 84' lang='lat' dir='ltr'><strong>maxima</strong></span> <span class='ocrx_word' id='word_1_386' title='bbox 1194 4145 1264 4216; x_wconf 75' lang='lat' dir='ltr'><strong>quae.</strong></span> 
     </span>
     <span class='ocr_line' id='line_1_46' title="bbox 232 4211 1263 4288; baseline -0.002 -20"><span class='ocrx_word' id='word_1_387' title='bbox 232 4234 271 4278; x_wconf 87' lang='lat' dir='ltr'><strong>eo,</strong></span> <span class='ocrx_word' id='word_1_388' title='bbox 284 4217 327 4287; x_wconf 89' lang='lat' dir='ltr'><strong>qui</strong></span> <span class='ocrx_word' id='word_1_389' title='bbox 339 4217 479 4288; x_wconf 78' lang='lat' dir='ltr'><strong>simpliciter</strong></span> <span class='ocrx_word' id='word_1_390' title='bbox 489 4220 581 4268; x_wconf 82' lang='lat' dir='ltr'><strong>Orator</strong></span> <span class='ocrx_word' id='word_1_391' title='bbox 593 4215 724 4284; x_wconf 85' lang='lat' dir='ltr'><strong>inscriptus</strong></span> <span class='ocrx_word' id='word_1_392' title='bbox 771 4213 921 4268; x_wconf 78' lang='lat' dir='ltr'><strong>damiiidee</strong></span> <span class='ocrx_word' id='word_1_393' title='bbox 949 4227 1011 4266; x_wconf 87' lang='lat' dir='ltr'><strong>cere.</strong></span> <span class='ocrx_word' id='word_1_394' title='bbox 1037 4212 1081 4263; x_wconf 85' lang='lat' dir='ltr'><strong>Sed</strong></span> <span class='ocrx_word' id='word_1_395' title='bbox 1094 4211 1212 4267; x_wconf 89' lang='lat' dir='ltr'><strong>nihilsub</strong></span> <span class='ocrx_word' id='word_1_396' title='bbox 1225 4215 1263 4266; x_wconf 87' lang='lat' dir='ltr'><strong>so-</strong></span> 
     </span>
     <span class='ocr_line' id='line_1_47' title="bbox 232 4281 1276 4356; baseline 0.002 -22"><span class='ocrx_word' id='word_1_397' title='bbox 232 4283 284 4336; x_wconf 67' lang='lat' dir='ltr'><strong>‘esic</strong></span> <span class='ocrx_word' id='word_1_398' title='bbox 312 4289 368 4339; x_wconf 87' lang='lat' dir='ltr'><strong>Hoc</strong></span> <span class='ocrx_word' id='word_1_399' title='bbox 395 4289 470 4339; x_wconf 84' lang='lat' dir='ltr'><strong>etiam</strong></span> <span class='ocrx_word' id='word_1_400' title='bbox 492 4287 570 4337; x_wconf 78' lang='lat' dir='ltr'><strong>nester</strong></span> <span class='ocrx_word' id='word_1_401' title='bbox 594 4287 648 4356; x_wconf 85' lang='lat' dir='ltr'><strong>agit</strong></span> <span class='ocrx_word' id='word_1_402' title='bbox 671 4295 724 4334; x_wconf 84' lang='lat' dir='ltr'><strong>toto</strong></span> <span class='ocrx_word' id='word_1_403' title='bbox 773 4283 795 4340; x_wconf 87' lang='lat' dir='ltr'><strong>le</strong></span> <span class='ocrx_word' id='word_1_404' title='bbox 806 4283 915 4338; x_wconf 69' lang='lat' dir='ltr'><strong>norum‘i</strong></span> <span class='ocrx_word' id='word_1_405' title='bbox 934 4293 959 4336; x_wconf 85' lang='lat' dir='ltr'><strong>et</strong></span> <span class='ocrx_word' id='word_1_406' title='bbox 969 4297 1015 4336; x_wconf 80' lang='lat' dir='ltr'><strong>noe</strong></span> <span class='ocrx_word' id='word_1_407' title='bbox 1026 4281 1072 4339; x_wconf 79' lang='lat' dir='ltr'><strong>hoe</strong></span> <span class='ocrx_word' id='word_1_408' title='bbox 1084 4299 1133 4336; x_wconf 89' lang='lat' dir='ltr'><strong>non</strong></span> <span class='ocrx_word' id='word_1_409' title='bbox 1143 4287 1276 4356; x_wconf 75' lang='lat' dir='ltr'><strong>agimus..</strong></span> 
     </span>
     <span class='ocr_line' id='line_1_48' title="bbox 231 4355 1207 4429; baseline -0.001 -25"><span class='ocrx_word' id='word_1_410' title='bbox 231 4372 314 4429; x_wconf 80' lang='lat' dir='ltr'><strong>opere.</strong></span> <span class='ocrx_word' id='word_1_411' title='bbox 335 4356 394 4408; x_wconf 80' lang='lat' dir='ltr'><strong>vid.</strong></span> <span class='ocrx_word' id='word_1_412' title='bbox 407 4357 518 4426; x_wconf 79' lang='lat' dir='ltr'><strong>‘prooem</strong></span> <span class='ocrx_word' id='word_1_413' title='bbox 540 4355 560 4408; x_wconf 85' lang='lat' dir='ltr'><strong>s.</strong></span> <span class='ocrx_word' id='word_1_414' title='bbox 579 4357 605 4418; x_wconf 88' lang='lat'><strong>6,</strong></span> <span class='ocrx_word' id='word_1_415' title='bbox 622 4365 646 4406; x_wconf 87' lang='lat' dir='ltr'><strong>et</strong></span> <span class='ocrx_word' id='word_1_416' title='bbox 667 4371 724 4405; x_wconf 90' lang='lat' dir='ltr'><strong>mox</strong></span> <span class='ocrx_word' id='word_1_417' title='bbox 1205 4361 1207 4366; x_wconf 83' lang='grc'>’</span> 
     </span>
    </p>
   </div>
   <div class='ocr_carea' id='block_1_9' title="bbox 785 4439 837 4505">
    <p class='ocr_par' dir='ltr' id='par_1_10' title="bbox 785 4439 837 4505">
     <span class='ocr_line' id='line_1_49' title="bbox 785 4439 837 4505; baseline 0 0"><span class='ocrx_word' id='word_1_418' title='bbox 785 4439 837 4505; x_wconf 82' lang='grc'><strong>03</strong></span> 
     </span>
    </p>
   </div>
   <div class='ocr_carea' id='block_1_10' title="bbox 0 0 1514 4918">
    <p class='ocr_par' dir='ltr' id='par_1_11' title="bbox 0 0 1514 4918">
     <span class='ocr_line' id='line_1_50' title="bbox 0 0 1514 4918; baseline 0 4"><span class='ocrx_word' id='word_1_419' title='bbox 0 0 1514 4918; x_wconf 95' lang='lat' dir='ltr'><strong> </strong></span> 
     </span>
    </p>
   </div>
   <div class='ocr_carea' id='block_1_11' title="bbox 803 3866 1379 3948">
    <p class='ocr_par' dir='ltr' id='par_1_12' title="bbox 803 3866 1379 3948">
     <span class='ocr_line' id='line_1_51' title="bbox 803 3866 1379 3948; baseline 0 -30"><span class='ocrx_word' id='word_1_420' title='bbox 803 3885 816 3918; x_wconf 85' lang='lat' dir='ltr'><strong>e</strong></span> <span class='ocrx_word' id='word_1_421' title='bbox 834 3867 890 3920; x_wconf 84' lang='lat' dir='ltr'><strong>duo&#39;</strong></span> <span class='ocrx_word' id='word_1_422' title='bbox 906 3868 937 3920; x_wconf 72' lang='lat' dir='ltr'><strong>in‘</strong></span> <span class='ocrx_word' id='word_1_423' title='bbox 948 3874 1030 3917; x_wconf 86' lang='lat' dir='ltr'><strong>rerii&#39;rn</strong></span> <span class='ocrx_word' id='word_1_424' title='bbox 1047 3867 1135 3946; x_wconf 74' lang='lat' dir='ltr'><strong>natura</strong></span> <span class='ocrx_word' id='word_1_425' title='bbox 1148 3866 1222 3948; x_wconf 66' lang='lat' dir='ltr'><strong>plane</strong></span> <span class='ocrx_word' id='word_1_426' title='bbox 1234 3867 1264 3921; x_wconf 91' lang='lat' dir='ltr'><strong>si-</strong></span> <span class='ocrx_word' id='word_1_427' title='bbox 1377 3914 1379 3918; x_wconf 85' lang='lat'><strong>.</strong></span> 
     </span>
    </p>
   </div>
  </div>
 </body>
</html>
