3014 4918
453 379 622 444 rusrrn
641 363 848 444 onuron.
868 379 953 442 mn.
971 379 1042 447 xrr.
1065 395 1092 444 1.
1214 395 1274 458 303

184 553 340 628 15aurcs.
383 543 473 612 Mihi
500 545 587 612 eninr
616 565 677 612 nec
706 543 909 644 Demosthenes
937 555 1003 610 tum
1031 543 1274 632 gemimorum
1356 567 1361 578 ’

237 631 358 720 dignus
372 625 500 696 videt‘ur
512 630 645 710 invidia,
661 641 698 694 ut
709 651 829 711 omma,
844 653 915 716 quae
929 628 963 694 in
973 653 1052 696 eum
1072 631 1113 694 ab
1131 629 1275 696 inimicis

236 735 298 782 oon
342 717 385 782 sta
401 717 487 796 sunt,
504 715 652 794 credam3
676 737 751 780 curn
772 728 807 780 et
828 715 1040 807 pulcherrima
1053 714 1146 802 ejuc¹¹
1168 714 1275 783 intre·

184 799 225 864 16
256 803 303 872 ub
317 801 368 867 ica
398 801 539 884 consilia,
566 813 600 866 et
629 801 725 864 linem
755 800 831 866 vitae
860 800 981 866 clarum
1010 799 1118 900 legam
1133 806 1177 876 ⁰.‚
1201 801 1275 874 Neo

228 939 229 942 ,
278 911 346 952 orco
362 886 463 952 Tullio
478 885 608 952 defuille
625 885 718 950 rideo
738 885 772 948 in
794 883 860 958 ulla
880 898 968 971 parte
987 885 1069 950 eivrs
1082 884 1196 971 optimi
1211 909 1275 952 vuq

234 971 407 1040 luntatem.
442 970 647 1036 ,Testimonio
665 970 709 1036 est
723 969 835 1042 actum
857 969 1046 1054 nobilillime
1067 970 1247 1036 consulatus
1259 995 1276 1051 5,

236 1054 444 1146 integerrime
458 1056 620 1143 provincia
633 1054 868 1136 administram
891 1067 925 1120 et
938 1055 1123 1141 repudiatus
1137 1055 1272 1143 viginti·
1294 1121 1299 1131 ,

236 1141 355 1208 viratus
368 1167 378 1222 3
401 1155 435 1207 et
450 1141 600 1207 civilibus
619 1139 726 1220 bellis,
741 1141 862 1228 quaein
880 1151 1029 1206 aetatemq
1046 1139 1114 1227 ejus
1128 1141 1272 1228 gracilli-

236 1248 290 1290 ma
302 1227 494 1305 inciderunt,
508 1247 612 1313 neque
626 1225 679 1312 spe
693 1247 800 1310 neque
821 1236 913 1293 motu
933 1223 1113 1290 declinatus
1134 1225 1273 1308 animus,

237 1312 426 1400 quominus
440 1311 570 1398 optimis
590 1311 622 1374 se
640 1309 796 1395 partibus,
812 1309 847 1375 id
866 1311 920 1390 est,
936 1310 1132 1396 reipublicae,
1148 1310 1270 1398 junge-

185 1407 223 1477 17
237 1409 297 1462 ret.
343 1399 455 1463 Parum
469 1396 560 1464 fortis
574 1395 700 1462 videtur
714 1394 903 1482 quibusdam
917 1419 924 1458 ι
948 1396 1066 1480 quibus
1082 1395 1204 1482 optime
1219 1419 1270 1460 re-

236 1480 254 1543 s
291 1481 360 1547 ndit
374 1482 454 1568 ipse,
465 1505 524 1546 non
533 1483 572 1569 sc
586 1481 722 1546 timidum
736 1480 770 1544 iu
778 1481 987 1568 suscipiendis,
993 1481 1053 1566 scd
1065 1480 1098 1544 iu
1108 1482 1271 1566 providen-

151 1615 155 1620 -
236 1503 290 1630 dii
331 1565 471 1632 criuclise
504 1565 592 1652 quod
620 1563 767 1653 probavit
792 1577 895 1630 morte
941 1587 1047 1650 unque
1073 1564 1148 1663 ipsa,
1174 1588 1272 1653 quant

185 1648 223 1712 18
236 1582 502 1737 praeliantiffimor
524 1651 657 1736 suscepit
677 1648 797 1714 animm
842 1587 944 1718 Quoi
965 1649 986 1712 fi
1007 1647 1110 1714 defuit
1130 1650 1180 1714 his
1196 1652 1275 1717 viris

236 1735 358 1803 summa
371 1737 494 1804 virtus:
516 1737 568 1814 stc,
584 1733 816 1822 quaerentibus,
829 1733 884 1798 An
900 1748 1040 1799 oratores
1054 1733 1195 1800 fuerint?
1220 1759 1272 1802 re·
1325 1803 1329 1815 ,

235 1820 252 1883 s
289 1821 409 1902 ndebo,
424 1844 491 1907 quo
512 1821 610 1890 modo
630 1818 779 1898 Stoici,st
801 1819 1038 1906 interrogentur
1048 1830 1071 1898 ⁸,
1086 1842 1127 1884 an
1150 1821 1273 1906 sapiens

237 1841 340 1986 diuo,
356 1905 652 1987 an'Cleanthesstn
673 1903 891 1992 Chrysippus?
916 1903 1155 1990 ‘respondeann
1170 1909 1270 1993 Mag·
1310 1954 1312 1958 -

237 2011 295 2056 noc
308 1989 441 2078 quidem
460 1989 535 2056 illos
556 2013 594 2056 ac
613 1987 822 2068 venerabiles,
838 1999 1025 2054 nontamen
1047 1987 1093 2070 id,
1108 1991 1197 2077 quod
1213 2014 1286 2056 na-

270 2172 354 2234 tejas
364 2175 421 2236 reip.
433 2175 465 2223 G.
475 2175 539 2224 Jens.
605 2175 714 2224 ⁰vimm
725 2173 757 2222 G.
821 2172 933 2224 raum·
947 2172 978 2222 G.
1052 2181 1153 2222 ttaetute
1163 2176 1195 2222 G.
1205 2176 1271 2227 lens.

236 2247 247 2274 ¹
262 2239 441 2302 praesentiffimo
452 2240 576 2286 malitium
587 2240 681 2288 Francia
692 2240 841 2286 Burmannus.
927 2247 937 2275 ¹
955 2240 1153 2302 interrogarentur
1164 2240 1195 2289 G.
1205 2241 1270 2290 tent.

237 2307 246 2339 ¹
262 2304 304 2366 qui
317 2304 357 2369 rifi
366 2303 398 2352 G.
415 2303 458 2366 ipli
469 2304 510 2370 iffi
519 2305 583 2353 lens.

275 2481 286 2516 1
292 2482 318 2532 ς.
335 2475 389 2516 tam
401 2463 485 2534 gravi
501 2481 594 2518 morum
611 2462 727 2530 invida]
778 2474 803 2516 et
823 2459 927 2516 aliorum
946 2463 1092 2526 testimonia,
1112 2465 1207 2536 quibus
1226 2467 1271 2521 nih

237 2535 321 2605 Quam
341 2533 403 2587 facit
415 2534 453 2588 illi
471 2536 497 2586 in
509 2535 627 2585 Oratione
643 2545 729 2586 contra
778 2533 880 2604 planum
904 2534 941 2596 sit,
954 2532 1028 2602 ‘quod
1049 2533 1110 2586 alias
1132 2535 1221 2605 scripfi,
1243 2538 1270 2589 in

238 2603 430 2672 Ctesiphontem,
459 2603 498 2656 vel
524 2602 605 2672 ipsum
635 2604 730 2671 potius,
778 2603 941 2722 philosophia,
955 2604 980 2654 in
996 2613 1049 2656 tota
1066 2603 1166 2665 vitc,in
1180 2604 1271 2658 ultimo

238 2672 382 2726 AEsthinec.
408 2671 490 2738 Finem
501 2671 567 2724 vitae
579 2671 730 2724 Plutarchus
778 2673 830 2738 ejus
854 2677 881 2724 at
894 2689 921 2733 u,
940 2672 1058 2723 timidum
1080 2669 1150 2726 soille
1169 2674 1271 2726 Cicero·

238 2743 339 2794 invita
366 2741 486 2811 longiore,
508 2751 533 2792 et
558 2739 730 2812 speciosrllime,
778 2758 844 2803 nem,
876 2741 961 2808 (cujus
995 2741 1098 2792 summis
1133 2744 1271 2796 uirtutibui
1304 2803 1306 2808 ¹

237 2811 305 2880 quast
328 2829 358 2864 ex
385 2811 557 2863 Macedonicis
581 2810 729 2880 quibusdam
778 2827 854 2878 quam
866 2809 929 2862 nihil
939 2827 967 2860 ea
979 2828 1004 2863 re
1014 2811 1270 2882 detratlumcupiam,

238 2881 370 2950 Antipatri
406 2880 599 2940 commutarim,
634 2890 730 2932 enarrat
779 2879 1034 2950 satic,puto,conltat
1049 2881 1203 2948 volentibus)
1220 2900 1270 2935 non

238 2949 325 3002 audior
343 2951 450 3004 encomii
471 2948 650 3007 Demosthenis,
662 2949 730 3017 quod
779 2949 859 3012 video,
889 2965 929 3000 uae
940 2949 1001 3002 fides
1013 2949 1117 3002 historiae
1132 2950 1176 3004 elle
1188 2952 1269 3019 poffit.

238 3019 303 3070 inter
330 3021 457 3072 Lucianea
479 3019 593 3070 habetur.
630 3019 730 3080 Totum
779 2968 917 3071 Sedeahic
930 3036 1039 3088 promere
1050 3030 1075 3070 et
1086 3020 1271 3088 supramodum

237 3087 299 3140 illud
311 3091 451 3140 encomium
462 3089 601 3139 maximnm
617 3087 689 3140 nobis
706 3097 732 3140 et
778 3087 882 3158 longum
896 3099 921 3139 et
932 3091 1101 3158 importunum
1112 3086 1199 3141 t'uerit.

192 3218 196 3224 Ι
237 3159 361 3228 optimum
371 3159 454 3211 virum
466 3156 592 3208 describit.
816 3175 857 3220 17·
877 3166 952 3210 morte
969 3173 1058 3226 quoque
1074 3155 1139 3228 ipsa]
1159 3159 1199 3210 Dc
1216 3177 1270 3228 qua

276 3231 318 3279 16.
336 3225 546 3295 vigintiviratus]
566 3226 641 3295 Agru
653 3226 731 3278 Cam·
778 3227 880 3287 Livius,
891 3224 1063 3290 candidrffimus
1079 3225 1183 3279 omnium
1199 3245 1271 3298 mag.

237 3312 305 3365 pano
322 3297 480 3361 dividundo,
504 3313 580 3366 quam
604 3313 656 3348 rom
672 3296 732 3348 dili·
778 3312 863 3348 uorum
881 3293 1031 3365 ingeniorum
1049 3295 1191 3366 aestimutor,
1203 3300 1270 3370 apud

238 3378 324 3434 genter
343 3367 390 3418 lroc
412 3366 464 3434 ipso
483 3367 559 3418 etiam
577 3363 633 3418 loco
655 3365 731 3418 adtro-
779 3365 894 3419 Senecam
919 3366 1014 3418 Suasttr.
1040 3384 1065 3429 7,
1091 3366 1205 3420 Omnium
1221 3371 1270 3420 ud-

239 3445 296 3486 cato
318 3435 461 3496 declaravit,
485 3435 630 3487 Burmanno
653 3435 730 3488 ctiam
778 3433 980 3514 versuumnihil
993 3434 1091 3488 utviro
1101 3435 1200 3503 cupium
1211 3448 1271 3490 erat
1344 3431 1355 3454 '

238 3502 513 3574 laudante,lFabriciuc
533 3505 598 3557 Hist.
619 3504 677 3556 Cic.
697 3503 730 3556 ad
778 3504 843 3566 rubr,
856 3513 950 3572 preter
958 3514 1076 3556 mortem.-
1094 3506 1160 3556 etde
1171 3505 1217 3556 hoc
1230 3518 1269 3560 ta·

237 3573 277 3626 A.
292 3575 327 3625 U.
341 3573 374 3624 C.
390 3587 520 3628 ocxctv.
777 3591 834 3636 men
845 3575 920 3626 etiam
934 3573 1086 3642 disputatum
1098 3574 1162 3626 inter
1172 3575 1269 3628 histori-

276 3662 318 3708 17.
335 3659 384 3694 non
409 3641 562 3706 etimhium]
581 3641 682 3696 Bonane
699 3639 729 3694 li-
779 3659 831 3702 coc,
842 3643 924 3710 (quod
936 3641 1009 3694 facile
1024 3643 1059 3694 ita
1070 3644 1165 3694 evenire
1208 3647 1269 3711 tuit,

198 3775 202 3779 ³
236 3711 269 3766 de
291 3713 369 3766 credis
391 3644 440 3763 hoc
459 3711 567 3762 Tullio?
595 3728 626 3762 an
644 3712 729 3780 potius
779 3729 836 3763 cnm
848 3713 922 3780 pauci
936 3711 1082 3777 intereffent)
1095 3711 1171 3764 l’atisi
1192 3715 1270 3784 aipsa

238 3781 347 3850 aliquem
363 3781 428 3832 dicis
446 3779 495 3842 bic,
506 3779 681 3851 Quinctilium,
690 3797 730 3830 cc·
771 3783 875 3844 'Senecae
906 3781 1010 3832 suasoria
1043 3781 1147 3832 indicat.
1183 3783 1268 3846 Certe,

236 3849 337 3902 loram?
355 3851 395 3902 At
413 3868 460 3918 ego
477 3848 618 3909 fatcor,me
631 3848 729 3918 plucli·
777 3851 838 3918 quin
863 3849 951 3904 ultimo
977 3850 1035 3903 vitae
1063 3861 1172 3920 tempore
1199 3855 1270 3908 caric

237 3919 278 3970 dei
287 3921 376 3972 habere
389 3919 420 3974 de
429 3921 451 3971 se
462 3919 587 3979 Ciceroni,
597 3935 654 3971 cnm
663 3919 729 3988 apud
778 3920 854 3978 animi
867 3919 1034 3982 inconstantis,
1047 3931 1071 3970 et
1084 3919 1146 3971 iuter
1157 3921 1267 3992 despere-

238 3989 394 4052 Terentiam,
403 4007 461 4041 cum
472 3989 539 4058 apud
550 3987 737 4048 Atticum,sua.
777 3991 870 4041 tionem
881 4001 956 4056 atque
968 3987 1018 4058 spei
1035 3989 1139 4054 alicujus
1151 3990 1270 4061 reliquiae

237 4059 382 4120 timiditate,
403 4060 446 4110 sua
462 4058 561 4124 vivendi
581 4057 729 4126 cupiditate,
777 4059 863 4112 mihre
881 4057 1025 4110 llulluantic
1043 4057 1109 4128 figna
1127 4059 1231 4124 dederit,
1251 4062 1269 4116 fi
1324 4063 1327 4071 '

238 4129 321 4179 omnia
337 4129 433 4196 perdita
449 4125 494 4184 elle
509 4127 632 4196 queritur.
669 4127 730 4178 Col·
778 4128 836 4194 quis
856 4126 1016 4180 Plutarchum
1036 4126 1108 4197 legit,
1123 4143 1171 4182 non
1192 4132 1269 4198 potest

237 4195 301 4248 ledia
323 4197 385 4248 mihi
408 4199 472 4257 litut,
495 4197 594 4265 quando
614 4197 737 4253 dubitare
777 4197 903 4250 dubitare.
924 4197 969 4248 Sed
981 4196 1034 4250 haec
1046 4195 1174 4266 peculiari,
1186 4199 1204 4252 fi
1214 4219 1269 4256 mu·

236 4265 324 4318 dunos
342 4267 416 4319 etiam
436 4269 503 4320 viros
518 4265 639 4328 video‚ea
655 4265 729 4336 ipliuc
775 4265 820 4330 do,
832 4261 916 4322 libello
928 4265 1128 4337 disputabuntur.
1271 4317 1274 4326 ,
