3026 4930
431 399 605 462 INSTIT.
626 397 836 462 ORATOR.
856 399 941 460 LIB.
963 401 1017 462 IX.
1038 418 1068 461 o.
1230 419 1269 480 93

312 563 360 629 At
373 587 425 654 ego
440 547 611 652 neseiebom,
626 566 763 654 quorsum
779 578 812 630 tu
827 564 896 629 ires.
941 564 1085 631 Parvula

314 651 398 715 Hine
411 649 451 738 est
464 651 601 738 obrepta,
617 653 720 716 eduxit
734 663 829 715 muter
840 667 897 740 pro
901 651 980 739 suo,

315 736 404 802 Soror
418 737 500 802 diere
515 737 576 825 est:
599 738 682 826 cupio
697 737 853 820 obducere,
868 749 904 800 ut
919 737 1129 826 reddomsuis.

161 877 210 952 59
226 870 294 937 Sed
307 871 485 937 nostrorum
500 895 631 960 quoque
645 873 807 938 dieiorum
825 872 1048 961 fabiorumque
1063 871 1171 937 fimilis
1192 871 1269 938 imi·
1363 919 1365 924 -

224 957 311 1023 tatio
338 958 379 1022 est
407 981 464 1044 per
489 960 674 1038 ruariorum,
694 960 749 1024 nisr
775 959 863 1046 quod
887 959 1091 1047 frequentius
1110 959 1271 1040 asseverat,

251 1061 326 1108 uam
350 1042 474 1108 eludit:
510 1045 657 1110 Dicebam
682 1046 859 1110 heberaeos
885 1053 1011 1110 odorem
1037 1045 1077 1131 Q.
1104 1045 1271 1110 Caeeilium.

224 1067 312 1194 gunt
326 1142 360 1194 et
374 1128 431 1194 illa
450 1131 608 1218 jucunda,
624 1145 658 1196 et
676 1131 717 1196 ad
736 1131 1051 1198 commendationem
1068 1151 1143 1196 cum
1166 1131 1271 1196 varie-

227 1227 307 1296 tate,
323 1229 393 1280 tum
409 1216 508 1280 etiam
523 1216 590 1304 ipsa
608 1231 725 1283 natura
745 1217 921 1305 plurimum
944 1216 1086 1303 prosunt,
1102 1239 1174 1302 quae
1194 1218 1269 1280 srm-

227 1300 345 1387 plicem
367 1301 554 1388 quamdam,
569 1316 604 1367 et
618 1327 682 1367 non
705 1325 742 1389 pr

169 1381 319 1470 6oxnen1,
335 1388 443 1452 minus
465 1411 524 1452 nos
544 1388 703 1476 suspecios
723 1388 736 1476 j

743 1327 769 1366 ae
793 1315 911 1368 aratam
934 1301 1128 1366 ostendendo
1150 1303 1270 1366 oratio·
1331 1321 1334 1332 ·

764 1326 791 1452 i

742 1412 762 1452 u
787 1390 829 1454 ioi
843 1387 978 1454 faciunt.
1022 1388 1112 1452 Hinc
1127 1387 1169 1450 est
1185 1389 1269 1473 quafi

225 1471 403 1561 poeniteutio
421 1474 518 1538 diei:
541 1486 579 1539 ut
601 1497 659 1562 pro
684 1474 802 1556 Coelio,
819 1475 881 1540 Sed
902 1474 976 1562 quid
998 1497 1050 1562 ego
1073 1474 1118 1538 itu
1140 1496 1289 1560 gravem-

192 1570 199 1580 ·
222 1561 380 1649 personum
394 1558 503 1623 induxi
514 1563 557 1622 ¹¹?
578 1563 621 1624 Et
634 1561 755 1648 quibus
768 1560 892 1626 utimur
906 1560 958 1624 vul
962 1581 1020 1647 ge,
1036 1559 1210 1659 Imprudens
1225 1560 1273 1622 iu-

228 1645 301 1709 cidi.
323 1643 387 1710 Vel
401 1667 475 1709 cum
492 1665 636 1733 quaerere
651 1669 722 1726 nos,
738 1646 817 1745 quid
830 1644 989 1724 dicamus,
1006 1644 1170 1732 fingrmus,
1187 1646 1273 1732 Quid

227 1730 274 1795 rel
278 1730 285 1742 '
305 1755 376 1794 uum
388 1730 450 1818 est?
466 1746 510 1809 et,
523 1731 692 1820 Numquid
704 1757 759 1796 omi
771 1734 809 1796 o?
823 1743 856 1796 et
866 1731 941 1797 cnm
956 1730 1075 1795 ibidem
1089 1730 1122 1795 in
1136 1732 1271 1800 Verrem

167 1879 172 1890 ,
227 1816 273 1880 ait
313 1817 410 1895 icere,
425 1817 523 1881 Unum
532 1818 621 1882 etium
630 1818 702 1882 mihi
710 1843 742 1881 re
756 1819 856 1906 iquum
867 1815 1031 1905 hujusmodi
1039 1817 1149 1880 crimen
1158 1816 1213 1908 elle
1225 1831 1272 1899 et,

165 1895 211 1959 ,61
228 1903 333 1968 Aliud
341 1927 378 1967 eu
389 1902 449 1967 ulio
453 1905 608 1991 succurrit
618 1904 701 1967 mibi.
720 1903 817 1969 Unde
829 1903 928 1967 etiarn
944 1900 1063 1966 venusti
1074 1902 1220 1968 transrtus
1232 1903 1271 1968 fi-

228 2001 307 2066 unt3
331 2011 409 2069 non,
421 1989 498 2075 quia
512 1989 661 2054 tranfitus
674 1989 739 2076 ipse
753 1989 790 2053 fit
803 1988 946 2054 schema:
963 2001 1002 2052 ut
1018 1987 1146 2068 Cicero,
1163 2009 1271 2054 narra·

229 2086 265 2136 to
277 2073 395 2139 Pisonis
404 2073 563 2162 exemp10‚
576 2075 631 2161 qui
640 2075 797 2140 annulum
810 2075 865 2139 fibi
875 2073 969 2139 cudi⁰
978 2074 1017 2138 ab
1030 2073 1160 2141 aurifice
1170 2074 1202 2138 in
1215 2074 1273 2139 tri-

228 2159 341 2224 bunali
353 2160 410 2225 suo
418 2159 559 2248 jusserat,
570 2161 657 2226 velut
668 2162 753 2225 hoc?
769 2161 802 2225 in
815 2159 1003 2224 memoriam
1016 2159 1195 2224 adduauso
1211 2161 1269 2224 ad-

221 2243 317 2332 jecit,
335 2245 418 2311 Hie*
434 2248 516 2310 modo
531 2271 575 2310 me
589 2246 761 2312 commonuit
776 2246 892 2332 Pisonis
906 2244 1049 2323 annulus,
1066 2245 1163 2332 quod·
1180 2257 1272 2311 totum
1363 2285 1365 2292 =

228 2329 399 2416 effluxerat.
445 2333 543 2398 ouum
562 2332 664 2397 multis
686 2331 772 2418 istum·
791 2332 908 2420 putatis
921 2331 1085 2396 homiuibus
1099 2330 1219 2417 honestis
1235 2334 1273 2396 de

226 2417 336 2504 digitis
350 2418 477 2484 aureolos
500 2443 604 2483 oureos
619 2417 795 2506 obstuliffe?
817 2419 859 2482 Et
881 2439 957 2482 cum
979 2417 1087 2504 aliqua
1106 2418 1196 2482 velut
1216 2417 1274 2507 ig-x

229 2524 391 2584 noramuS,
421 2503 482 2569 Sed
503 2527 605 2568 eorum
629 2529 729 2569 rerum
754 2503 909 2590 artificem,
936 2507 1052 2589 quem?
1083 2508 1273 2589 quemnam?

173 2582 216 2650 62
231 2597 306 2652 reme
320 2591 467 2670 admones,
484 2589 666 2676 Polycletum
680 2591 734 2675 effe
747 2589 896 2652 dicebant.
942 2585 1041 2654 Quod
1056 2587 1188 2673 quidem
1204 2611 1271 2656 non

230 2673 263 2738 in
284 2674 347 2739 hoo
362 2689 488 2740 tantum
504 2676 600 2740 valet.
645 2673 847 2742 Quibusdam
864 2673 963 2751 enim,
978 2672 1056 2738 dum
1071 2672 1160 2738 aliud
1175 2696 1272 2760 agere

229 2759 492 2842 videmursaliud
517 2761 697 2826 efficimus:
730 2760 809 2824 ficut
831 2759 888 2823 hic
912 2759 1030 2824 Cicero
1052 2758 1145 2825 conse
1169 2761 1271 2842 uine,

230 2867 284 2925 ne,
303 2869 378 2912 cum
401 2849 552 2912 morbum
577 2847 610 2911 in
636 2845 732 2934 fignis
755 2857 854 2932 atque
873 2843 994 2909 ¹tabulis
1013 2842 1144 2930 objiciat
1195 2847 1270 2927 etri,

131 2931 135 2942 '
229 2929 296 3017 ipse
323 2953 453 3020 quoque
483 2955 591 2996 earum
620 2954 726 2997 rerum
756 2929 908 2996 studiosus
934 2927 995 2994 effe
1020 2929 1180 2994 credatur.
1225 2934 1271 2999 Et

141 3035 148 3052 ¹
228 3017 461 3082 Demosthenes
470 3018 609 3106 jurando
622 3041 679 3104 per
694 3016 878 3081 interreeos
893 3016 927 3080 in
942 2997 1137 3080 Maratirone
1154 3028 1189 3082 et
1208 3018 1270 3084 Sa·

228 3101 348 3168 lamine
363 3103 397 3170 id
411 3103 492 3192 agit,
507 3119 546 3169 ut
559 3105 686 3170 minore
699 3103 821 3171 invidia
835 3101 935 3174 cladis
949 3100 1035 3188 apud
1057 3100 1270 3176 Chaeroneam

212 3237 217 3244 Ι
263 3275 428 3325 *introduxit
440 3278 471 3325 G.
481 3278 547 3332 Jens.
643 3254 737 3328 ‘alodi
750 3279 782 3330 G.
855 3231 999 3330 iniciens.
1080 3277 1225 3333 'indamus
1236 3281 1269 3332 G.

229 3340 379 3391 rhocJonr.
443 3344 512 3405 ⁸qui
525 3352 590 3392 totus
600 3343 633 3396 G.

233 3485 258 3529 ι,
276 3486 302 3528 2,
316 3485 360 3534 75.
389 3468 509 3522 Dicebam
525 3468 616 3522 habere
633 3470 722 3523 Divin.

231 3538 257 3589 in
274 3538 364 3590 cecil.
383 3557 409 3591 c.
428 3558 457 3591 2.
482 3548 528 3608 pro
547 3539 622 3595 Calio
640 3557 723 3608 ως.

230 3607 373 3676 brrpnedens
384 3607 467 3672 incidi,
481 3609 506 3661 in
518 3613 620 3662 Verrem
630 3625 658 3673 4,
671 3627 716 3662 20.

267 3681 312 3730 ⁶1.
330 3678 380 3736 Hic
395 3680 462 3732 modo
479 3681 529 3746 me]
553 3681 624 3740 Verr.
637 3697 665 3744 4,
678 3682 723 3736 26.

231 3747 282 3798 Sed
300 3763 386 3802 eorum
405 3767 490 3808 rerum
508 3752 534 3802 in
554 3751 628 3801 Ven.
648 3765 676 3814 4,
698 3767 722 3815 3.

231 3817 331 3870 Laudat
346 3821 422 3874 etiam
434 3819 502 3872 Plin.
519 3839 543 3884 1,
557 3837 601 3880 20,
617 3837 643 3886 ς.
671 3821 725 3870 Εκ-

232 3888 438 3958 temporalitatem
455 3889 529 3960 fingit
547 3889 635 3940 Cicero
647 3899 671 3940 et
683 3907 724 3942 ac-

231 3957 307 4010 tionis
335 3958 521 4014 fimilitudinem
549 3959 575 4010 in
603 3959 724 4022 oratione,

231 4044 308 4096 quam
336 4046 466 4097 nunquam
495 4028 603 4092 habuit3
634 4030 725 4098 quaerit

156 4095 161 4102 ’
230 4113 321 4150 nomen
350 4097 466 4160 artificis,
489 4099 562 4168 fingit
591 4095 655 4150 illud
680 4097 725 4152 fibi

230 4165 320 4234 subjici
332 4169 365 4220 ab
373 4169 432 4232 ¹sure
448 4171 525 4240 partis
537 4169 667 4222 hominum
678 4167 725 4222 ali·
791 4208 796 4219 .

230 4253 312 4363 quii.
339 4305 506 4388 Demosthenes
520 4308 646 4384 jurando]
675 4309 726 4376 Pro

773 3469 892 3522 coronas.
906 3471 951 3521 ⁶0.
970 3469 1001 3517 οὐ
1015 3466 1055 3532 μὲ
1069 3470 1111 3524 τὸς
1120 3469 1141 3518 ἓν
1155 3473 1270 3537 nemeen

773 3540 988 3604 ανςμινδυνιύααπας
1004 3542 1046 3584 τῶν
1061 3536 1206 3652 σςαγόνανζᾶ
1222 3543 1271 3598 τοὺς

772 3607 792 3652 ir
808 3607 933 3658 Πλαταιαῖς
948 3601 1155 3664 σαμταξαμίναυς,
1219 3605 1271 3659 τοὺς

773 3667 793 3715 io
811 3670 919 3730 Σαλαμῖνι
934 3669 1158 3735 rwuaxioomng
1175 3669 1216 3722 τῦς
1231 3673 1268 3717 iu*

773 3734 915 3797 'Apameam
926 3735 943 3800 ᾖ
958 3733 1041 3784 «orric
1055 3731 1134 3796 ἐτέρους
1143 3735 1184 3787 τᾶς
1194 3737 1215 3780 ἐν
1224 3737 1270 3792 ταῖς

774 3799 883 3860 δαμοσίας
892 3799 994 3860 μνήμασι,
1011 3795 1117 3857 :nimione
1132 3797 1222 3860 dyuiric
1231 3799 1271 3851 lu.

773 3864 823 3927 δρας
840 3881 862 3913 κ.
873 3883 897 3914 τ.
909 3873 932 3914 λ.
962 3859 1105 3912 Confiderat
1122 3862 1168 3914 hoc
1186 3863 1270 3930 jusju-
1333 3921 1334 3924 Ἴ

774 3929 890 3992 randum,
902 3939 927 3981 et
945 3913 1108 4000 quantumin
1118 3949 1148 3984 eo
1159 3933 1213 3993 ῦψκ
1229 3933 1271 3986 in-

774 3998 813 4059 fit,
825 3999 868 4052 suo
883 4016 953 4052 more
970 3999 998 4052 h.
1010 4017 1034 4052 e.
1050 4001 1209 4056 eruditissime
1218 4003 1270 4057 ois-

773 4080 846 4138 putat
865 4071 996 4139 Longinus
1014 4070 1033 4122 s.
1056 4074 1099 4132 16,
1119 4073 1165 4125 ubi
1188 4073 1271 4138 muita

773 4141 848 4192 etiam
860 4139 891 4190 de
901 4141 1063 4209 antiquonum
1080 4141 1184 4196 aliorum
1201 4144 1270 4209 judi.

774 4209 821 4260 cris
833 4209 880 4261 viri
891 4209 972 4261 doeii.
992 4211 1111 4268 Meminit
1120 4215 1210 4273 Noster
1221 4215 1269 4276 ite,
1302 4267 1306 4273 .

774 4293 1003 4352 rumxz,1o,24.
1088 4295 1091 4302 ’
