3020 4918
223 357 283 450 Ιπρό
438 364 501 438 Μ.
522 361 645 424 rnen
666 351 1018 436 ourncmmn'r

224 528 444 618 experimento
457 527 614 592 culturam
635 525 669 590 in
690 524 873 612 exemplum
893 525 1060 592 intuentur
1071 540 1097 592 ¹.
1140 525 1257 596 Omnis

225 615 366 702 denique
381 609 555 698 discipline
575 609 667 676 initia
686 609 728 676 ad
748 611 941 699 propofitnm
962 612 1019 678 fibi
1040 613 1257 702 praescriptum

224 698 355 766 formari
371 697 528 763 videmus.
573 699 618 760 Et
638 696 756 764 Hercle
782 697 901 762 neceiie
924 699 979 776 est,
995 713 1051 764 aut
1069 699 1183 762 fimiles
1201 711 1286 778 autss

224 782 387 850 diffimiles
412 782 506 848 bonis
531 781 639 848 fimus.
682 780 829 848 Similem
858 804 928 846 raro
956 790 1095 850 natura²
1123 787 1256 870 praestat‚

197 867 408 957 'frequenter
421 867 572 934 imitatio.
616 867 680 934 Sed
700 867 764 933 hoe
785 868 901 956 ipsum,
916 869 1004 954 quod
1024 883 1116 934 tanto
1132 869 1256 936 facilio-
1356 943 1359 950 ,

223 976 291 1020 rem
315 953 410 1018 nobie
430 952 588 1019 rationem
611 975 717 1020 rerum
738 953 886 1018 omnium
906 953 994 1034 facit,
1009 977 1107 1042 quam
1125 955 1187 1020 fuit
1205 955 1256 1035 iit,

222 1038 281 1126 qui
296 1038 390 1120 nihil,
405 1039 494 1127 quod
508 1039 724 1140 sequerentur,
738 1037 932 1120 habuerunt,
947 1039 1003 1103 nifi
1019 1053 1112 1106 eante
1126 1055 1161 1106 et
1183 1063 1257 1106 cum

216 1122 346 1212 judicio
367 1124 623 1212 apprehendum,
639 1138 748 1189 nocet.
791 1125 879 1188 Ante
900 1125 1008 1189 omnia
1028 1125 1130 1213 igitur
1149 1126 1292 1200 imita-4

224 1209 272 1277 tio
285 1232 343 1298 per
356 1210 412 1276 sei
434 1211 466 1275 so
477 1233 544 1276 non
559 1209 683 1290 sufficit,
699 1208 750 1274 vel
770 1208 847 1296 quia
860 1209 945 1296 pigri
965 1213 1009 1274 est
1029 1211 1062 1276 in
1107 1211 1163 1290 nii,
1179 1233 1258 1276 eoo-

198 1335 203 1344 ·
225 1307 353 1362 tentum
377 1318 396 1362 e
418 1318 438 1360 e
459 1295 511 1376 iis,
526 1317 599 1381 quae
623 1294 695 1359 sunt
718 1295 759 1358 ab
782 1293 853 1358 aliie
874 1294 1015 1360 inventa.
1119 1296 1152 1360 'd
1170 1296 1259 1362 enirn

224 1378 369 1449 futurum
391 1392 459 1446 erat
473 1379 671 1466 temporibus
684 1377 761 1458 iilis,
776 1401 849 1465 quae
864 1379 927 1444 fine
948 1380 1096 1466 exemplo
1117 1380 1258 1462 iirerunt,

217 1466 248 1530 'fi
271 1466 418 1532 homines
442 1465 523 1530 nihil
547 1463 602 1528 nist
625 1463 714 1550 quod
728 1463 798 1552 jam
824 1465 1054 1552 cognoviffent,
1076 1463 1259 1530 faciendum

225 1551 283 1618 fibi
305 1563 362 1616 aut
383 1548 592 1638 cogitandum
613 1549 790 1635 putaffent?
822 1551 952 1648 Nempe
973 1549 1055 1632 nihil
1079 1549 1183 1614 fuiffet
1206 1551 1257 1614 in-

224 1650 371 1702 ventum.
416 1639 485 1702 Cur
507 1635 630 1722 igitur*
649 1633 738 1700 nefas
758 1635 801 1698 est
821 1657 856 1698 re
897 1634 949 1698 nri
973 1634 1094 1722 aliquid
1112 1657 1132 1699 a
1152 1635 1290 1716 nobie‚5

250 1721 315 1786 uod
328 1734 403 1786 ante
418 1743 483 1786 non
496 1717 618 1787 fuerit?
651 1721 704 1786 An
720 1717 793 1785 illit
815 1743 852 1786 ru
876 1741 910 1784 es
933 1719 996 1785 sola
1013 1720 1130 1786 mentis
1148 1733 1259 1787 nutura

224 1744 315 1872 detti
329 1807 447 1872 suntin
462 1806 537 1884 hoe,
553 1817 591 1870 ut
610 1817 676 1870 tam
695 1805 799 1870 multa
817 1819 1017 1894 generarent,
1033 1827 1092 1870 nos
1109 1805 1150 1872 ad
1166 1827 1259 1894 quae-

225 1891 362 1956 rendum
385 1914 448 1956 non
471 1914 510 1956 eo
524 1889 589 1977 ipso
603 1891 815 1971 concitemur,
829 1890 917 1978 quod
938 1905 1024 1956 certe
1038 1891 1154 1958 scimus
1169 1892 1258 1958 inve·
1290 1940 1296 1962 -,

225 1976 303 2042 niffe
317 1999 385 2058 eos,
399 1977 456 2065 qui
494 1975 704 2041 uaesrerunttt
728 1977 771 2042 Et
795 1999 870 2044 eum
895 1975 955 2055 illi,
970 1977 1027 2064 qui
1049 1976 1176 2042 nullum
1199 1972 1293 2041 eu·6

219 2058 396 2212 jusanamd
417 2062 463 2127 rei
470 2000 685 2126 ‘imbuerunt‘
705 2061 902 2148 magistrum,
918 2061 1056 2149 plurima
1074 2061 1108 2125 in
1123 2063 1260 2148 posteros
1311 2093 1316 2104 ·

224 2161 274 2214 tra
297 2145 442 2228 iderint‘,
459 2146 552 2212 nobis
566 2147 639 2211 usus
653 2145 786 2212 aliarum
799 2169 906 2212 rerum
928 2147 968 2212 ad
984 2146 1160 2212 eruendas!
1181 2147 1259 2212 aliae

224 2255 290 2297 non
310 2231 461 2319 proderit,
475 2231 529 2297 sed
548 2231 630 2296 nihil
650 2231 841 2297 habebimus
849 2231 875 2312 h,
892 2233 945 2295 n'isr
969 2232 1116 2297 beneficii
1135 2230 1256 2296 alieni?
1314 2245 1317 2251 ·

226 2317 525 2390 Quemadmodum
572 2316 680 2382 uidam
709 2317 846 2403 piuores
872 2317 906 2381 in
931 2315 965 2380 id
990 2317 1091 2382 solnm
1122 2316 1258 2396 student,

225 2414 265 2470 ut
287 2403 471 2470 describere¹
486 2403 541 2467 tab
577 2425 612 2467 ae
636 2403 789 2468 mensuris
813 2425 850 2466 ac
876 2402 969 2466 lineis
995 2402 1106 2467 soient.
1149 2404 1289 2500 'surpey

225 2487 324 2553 etiam
338 2487 418 2554 illud
432 2489 486 2568 est,
502 2500 690 2553 contentum
705 2487 766 2552 effe
779 2487 813 2552 id
827 2487 990 2574 oonsequi,
1003 2479 1092 2574 qnod
1112 2487 1258 2556 imiteris.

225 2573 315 2640 Nam
333 2574 437 2645 rursus
459 2573 537 2662 quid
551 2573 637 2639 erat¹
659 2572 818 2654 futurum,
834 2574 854 2638 fi
879 2573 998 2638 nemo*
1020 2572 1092 2658 plus
1109 2572 1261 2638 *effecisset

226 2681 278 2740 eo,
293 2661 411 2758 quem¹
426 2658 636 2746 sequebatur?
660 2659 754 2723 Nihil
768 2658 803 2724 in
818 2659 922 2746 poetis
943 2659 1033 2745 supra
1047 2659 1173 2722 Liviam
1190 2659 1262 2722 Aa·

227 2745 399 2826 dromonem
423 2745 504 2809 nihil
519 2743 552 2808 in
571 2743 707 2810 historiis
721 2744 813 2832 supra
827 2743 1005 2830 Pontrficum
1017 2746 1144 2808 annales
1158 2743 1259 2809 habe·

226 2851 356 2896 remus:
387 2831 509 2894 ratibus
533 2827 640 2894 adbuc
665 2829 906 2917 navigaremus:
939 2851 1003 2894 non
1028 2828 1105 2894 effer
1127 2828 1261 2916 pitture,

227 2915 283 2980 nisr
307 2937 380 3002 qnae
402 2915 503 2980 lineas
523 2913 621 2978 modo
642 2928 800 2980 extremae
819 2915 953 2994 umbra,
968 2935 1066 3001 quam
1081 2935 1212 3000 corpora
1226 2914 1266 2980 in

260 3092 273 3118 ²
292 3086 463 3134 tuenturJens.
553 3091 695 3136 ²naturam
706 3086 738 3135 G.
748 3083 816 3134 mla·
907 3091 919 3115 ⁸
936 3085 1066 3148 egerent.
1146 3084 1217 3132 billa
1227 3086 1259 3134 G.

228 3156 240 3182 ⁶
259 3151 376 3212 quaesierit
388 3151 422 3226 (ἶ.Ι
437 3149 644 3226 quaefierintJens.
742 3149 753 3181 ¹
772 3145 929 3252 cujusqhueG·
1027 3157 1036 3180 ⁸
1055 3148 1183 3220 habuerint
1196 3149 1260 3197 Jens.

228 3211 445 3264 fiemidemntzd.
541 3213 755 3264 'emdrendmid
880 3214 999 3266 nubemus
1010 3211 1040 3263 G.
1135 3213 1218 3264 *effer
1228 3214 1262 3263 G.

228 3278 324 3330 *nihil
336 3279 367 3328 G.
433 3278 588 3341 ¹quaJens.
1095 3311 1099 3320 .

266 3413 307 3491 11,
322 3446 347 3496 5.
366 3428 419 3482 Cur
428 3427 507 3496 igitar
517 3425 602 3502 nefas]
622 3426 660 3480 Ut
679 3425 720 3480 hic
805 3445 831 3492 7.
842 3422 997 3510 'Pontificum'
1009 3423 1125 3494 annaks]
1151 3427 1261 3481 Incuna-

229 3495 722 3639 iffriissiaiigfi‘uiiiai}
769 3495 1261 3646 {titdnts‘itbitbittit
1309 3584 1352 3626 '.

229 3648 283 3706 qua
305 3635 465 3708 perfeeiimrrs
492 3651 575 3690 rerum
600 3629 722 3706 portibsses
769 3635 839 3690 imno
852 3651 937 3691 rmum
953 3635 1195 3690 umnam-res
1210 3653 1272 3708 om-v

231 3707 397 3776 (enumero
422 3705 476 3776 γὶς)
507 3705 721 3764 detrimentum
769 3723 813 3759 ner
834 3705 984 3777 frugalem
1009 3721 1129 3762 annuum
1154 3705 1261 3760 maedan

231 3775 259 3834 h.
279 3795 302 3828 e.
321 3793 373 3844 qua
389 3775 428 3830 sui
448 3776 551 3850 quidem
571 3776 633 3831 finer
645 3779 723 3830 rebor
770 3775 816 3828 bar
834 3775 913 3832 litters
930 3775 1046 3844 Pontifex
1065 3775 1205 3838 Maximus,
1222 3771 1261 3844 ff-

230 3861 367 3915 earumque
395 3846 532 3900 virtutibus
557 3845 724 3918 adimantur,
763 3844 912 3920 ferebatque
938 3844 1075 3916 (referebat
1101 3847 1175 3900 malit,
1201 3859 1266 3899 cum-

231 3913 299 3968 ultra
310 3932 374 3984 quos
385 3913 527 3970 adscendere
544 3923 588 3986 per
604 3917 726 3972 conditio·
772 3916 897 3970 Lambino
919 3913 1050 3984 Pearcius)
1072 3916 1099 3970 in
1122 3915 1215 3978 album,
1236 3924 1263 3968 et

229 4001 288 4038 nem
299 3984 368 4036 suam
379 3983 429 4038 illie
440 3986 579 4046 nonliceat.
595 3985 636 4038 Sic
647 4002 690 4047 ιι,
700 4003 726 4052 3,
769 3985 917 4054 proponebat
935 3979 1047 4038 rabulam
1065 3984 1139 4047 donni,
1159 3985 1262 4055 potestur

235 4059 296 4114 etr,
314 4051 398 4123 Neque
416 4063 499 4108 tamen
517 4049 580 4108 titud
642 4054 725 4124 nefus.
774 4055 1132 4134 uteffltpopohrogmscenstr
1149 4053 1271 4108 bietim¹

232 4121 319 4180 Simile
334 4140 394 4176 mox
413 4141 456 4187 ιο,
475 4143 501 4186 a,
515 4128 558 4187 2⁶,
598 4135 662 4178 otum
677 4141 725 4178 ex·
770 4141 834 4177 nrm
845 4123 949 4178 annales
959 4123 1064 4178 maximi
1074 4123 1238 4178 nominantur.

214 4192 338 4266 ,prime
360 4197 423 4262 pene
450 4189 722 4266 bominiinranoefflm.
749 4220 752 4233 ·
806 4211 833 4258 ⁷·
850 4192 930 4248 lineas
945 4192 1052 4259 umbra]
1073 4194 1263 4265 Hancpidiurae

233 4265 269 4320 Bt
280 4262 377 4336 morio
386 4259 442 4318 licet
451 4265 488 4318 ita
498 4263 621 4335 ponitur?
771 4263 893 4334 originem
904 4261 1030 4333 adtignant
1047 4275 1149 4318 oameer
1167 4265 1210 4318 eui
1220 4265 1267 4335 de-¹
