2942 4928
261 419 302 484 68
495 423 540 491 Μ.
560 427 685 490 etun
705 425 1055 492 QUINCTILIANI

264 586 330 654 tieri
345 558 455 676 potest,
470 591 551 658 nite
572 590 583 658 i
605 563 636 658 ia
657 593 855 682 specieeest?
880 587 944 658 Sed
963 589 1006 658 ad
1027 589 1182 656 utendum
1207 589 1290 656 nihii

261 672 369 740 refert.
410 675 574 765 Adjicitur
584 616 639 746 iis
659 677 881 764 μυκτηρισμόςῆ,
897 675 1059 742 fimulatus
1078 675 1221 764 quidem,
1236 676 1289 742 sed
1300 685 1344 758 59

261 779 326 822 non
341 759 443 828 latens
463 761 593 828 derisus.
637 762 783 828 Pluribus
803 775 910 828 autem
932 762 1037 826 verbis
1051 784 1124 826 oum
1140 761 1184 842 id,
1200 763 1289 850 quod

260 864 328 908 uno
341 858 397 910 aut
410 847 612 934 paucioribus
625 861 713 914 certe
726 847 790 912 diei
804 848 914 933 potest,
928 845 1114 933 explicatur,
1130 846 1290 992 reflofsaen
1342 912 1346 920 ,

259 941 388 1010 vocant,
410 933 562 998 circuitum
582 933 750 1021 laquearii,
765 933 838 1020 qui'
861 954 1103 1020 nonnumquam
1126 951 1203 994 neco
1228 941 1289 993 tta-

259 1023 327 1078 tem
353 1015 464 1096 habet,
489 1017 615 1104 quoties
636 1019 725 1086 did'tu
747 1016 902 1084 deformia
924 1019 1049 1102 operite
1083 1013 1288 1094 ”Sallustium

259 1097 316 1162 Ad
335 1103 496 1188 requfflto'¹
522 1115 677 1170 nutum.
722 1102 876 1168 Interimp
900 1118 1046 1168 ornatum
1071 1102 1153 1190 petit
1173 1098 1287 1182 solum,
1301 1098 1345 1162 60

257 1183 316 1272 qui
328 1185 372 1250 est
384 1186 471 1274 apud
484 1199 592 1274 poetae
606 1187 872 1278 frequentiffinrus
887 1211 894 1250 :
918 1199 967 1267 ut,

344 1301 469 1394 Tempus
483 1317 558 1386 erat,
575 1329 630 1394 quo
641 1306 741 1396 prima
755 1303 834 1402 quies
849 1303 1021 1369 mortalibus
1033 1305 1128 1394 aegrir

342 1388 462 1477 Incipit,
475 1401 505 1453 et
515 1389 587 1456 dono
601 1392 706 1457 divum
718 1389 886 1479 gratfflma
889 1391 1000 1480 serpit.

257 1521 301 1586 Et
322 1543 340 1586 a
362 1521 406 1588 ud
431 1535 569 1590 oratores
592 1548 657 1592 non
679 1547 778 1606 rarus,
800 1524 942 1612 semperi
969 1535 1076 1590 tamen
1102 1519 1285 1592 adstridiior.

258 1607 327 1672 Qui
351 1607 428 1694 quid
442 1610 534 1694 enim·
549 1611 733 1700 fignificari¹
755 1609 883 1675 brevius
903 1611 1014 1696 potest,
1029 1622 1062 1674 et
1077 1631 1153 1675 cum
1173 1621 1286 1675 ornatu
1299 1613 1340 1676 61

256 1689 352 1756 latius
366 1693 548 1774 ostenditur,
562 1697 722 1780 περίφρασις
737 1696 801 1760 est:
825 1695 878 1759 cui
900 1717 1016 1759 nomen
1040 1695 1155 1760 Latine
1174 1694 1287 1760 datum

256 1777 312 1858 est,
328 1799 391 1842 non
412 1779 492 1844 sanev
503 1780 656 1844 orationis
678 1793 788 1866 aptum
810 1780 934 1861 virtuti,
951 1779 1173 1846 circumtantia.
1217 1780 1285 1844 Ve-

256 1883 329 1926 rum
351 1863 422 1930 haeo
444 1878 494 1945 ut,
509 1887 583 1930 oum
604 1866 778 1932 decorum·
798 1865 907 1944 habet,
917 1865 1097 1952 periphrafis
1108 1889 1118 1944 ς
1140 1865 1196 1942 ita,
1210 1886 1286 1930 cum

256 1943 291 2009 in
318 1947 431 2014 vitium
455 1949 578 2029 incidit,
602 1949 803 2032 περισσολογὶα
830 1950 958 2014 dicitur.
1003 1952 1159 2015 Onsrtr
1184 1949 1284 2028 enim,

255 2031 433 2120 quidquidt
451 2056 513 2100 non
528 2035 669 2122 adjuvat.
714 2033 907 2121 Hyperbaton
920 2057 1062 2133 quoque,
1078 2033 1110 2098 id
1132 2037 1186 2114 est,
1201 2033 1289 2110 verbi,
1297 2038 1342 2107 62

256 2117 519 2206 traffgrqfflonem,
538 2129 659 2208 quam¹¹
682 2116 864 2204 frequenter
886 2134 967 2188 rano
990 2119 1234 2206 comparationis
1253 2131 1286 2183 et

254 2200 354 2268 decor
396 2205 484 2286 oscit,
500 2228 564 2282 non
585 2203 746 2268 immerito
766 2203 851 2270 inter
869 2205 1001 2270 virtutes
1022 2206 1192 2272 habemus.
1233 2203 1287 2269 Fit

255 2287 344 2354 enim
366 2227 613 2376 iiequentissime
634 2289 739 2374 aspera
758 2303 793 2354 et
812 2290 902 2368 dura,
918 2303 952 2354 et
972 2289 1118 2355 ditiolute
1138 2301 1172 2354 et
1192 2287 1285 2354 hiant

256 2373 369 2455 oratio,
392 2375 439 2437 fi¹
464 2373 502 2438 ad
528 2374 740 2438 necessitatem
762 2374 881 2438 ordinis
902 2374 948 2438 sui
969 2377 1064 2439 verba
1083 2374 1287 2474 redigantur,'

255 2467 301 2537 et,
323 2469 361 2522 ut
384 2459 534 2546 quodque
556 2459 666 2534 oritur,
694 2459 740 2522 ita
760 2459 924 2546 proximiS,
946 2460 1064 2526 etiamst
1086 2459 1198 2524 vincni
1220 2481 1305 2524 non.

254 2543 367 2627 potest,
388 2543 550 2631 alligetur.
592 2541 800 2610 Differenda²
821 2543 921 2632 igitur
935 2545 1096 2632 quaedam,
1111 2559 1145 2608 et
1164 2545 1283 2631 praesu·
1296 2548 1344 2634 63
1376 2573 1379 2580 ’

255 2627 383 2708 menda,
410 2641 518 2716 atque,
542 2641 580 2693 ut
608 2629 642 2692 in
669 2627 826 2694 struduris
850 2629 880 2693 la
904 2629 993 2694 idum
1019 2628 1284 2716 impolitioruw,

253 2709 339 2791 ioco,
355 2735 422 2800 quo
436 2714 596 2792 convenit,
611 2713 753 2800 quidque
767 2653 963 2801 ponendum.
1007 2716 1085 2778 Non
1099 2714 1187 2778 enim
1201 2711 1284 2777 reci·

254 2795 329 2863 dere
342 2820 390 2880 ea,
405 2820 464 2864 neo
477 2799 580 2886 polire
594 2797 767 2887 poffumus,
782 2803 871 2887 quob
892 2812 1115 2888 coagmentata
1128 2799 1159 2864 se
1180 2797 1285 2888 magis

289 3019 339 3064 ⁸in
351 3017 375 3064 G
384 3017 493 3080 forteni.
557 3012 697 3080 hmysteriis
708 3015 739 3065 G.
750 3017 814 3066 Jens.
879 3014 1096 3080 ¹eioqn.G.Jens.
1154 3015 1240 3080 ¹·qnod
1252 3017 1284 3066 G.

255 3083 275 3112 ⁸¹
295 3091 323 3128 ut
334 3082 374 3144 ittfi
386 3081 492 3130 G.Jens.
592 3080 754 3144 nunquan.
850 3081 986 3146 ⁰suntinfl
997 3083 1029 3130 G.
1062 3081 1065 3084 ’
1125 3081 1283 3130 PintirnaG.
1331 3086 1337 3094 “

255 3153 326 3192 tom.
339 3147 370 3194 G.
450 3145 634 3205 regnantem.
714 3147 851 3194 sdecorem
862 3146 893 3193 G.
904 3147 967 3192 lens.
1052 3147 1146 3208 *quod
1158 3147 1189 3194 G.
1206 3145 1284 3207 inquit

254 3207 318 3256 Jens.
381 3218 396 3246 ¹¹
411 3211 528 3272 quoniam
539 3209 571 3258 id.
636 3210 706 3258 ¹‘sed
717 3210 748 3258 G.
813 3209 1041 3259 ²deterendaJent.
1121 3218 1133 3242 ¹
1151 3210 1283 3274 impolitiot

254 3274 386 3338 -quisque
395 3275 521 3338 ponendus
531 3274 564 3324 G.
572 3273 637 3323 Jens.
701 3273 786 3338 bquae
797 3275 829 3324 G.

293 3487 335 3537 59.
354 3468 492 3541 Sallustius]
510 3467 744 3530 Laudavit‚Alme·
792 3467 843 3521 retu·
863 3470 911 3523 dee.
946 3469 1040 3521 Utrum
1058 3467 1137 3538 igitur
1155 3467 1284 3522 Sallustio·

254 3537 365 3592 ioveenio
377 3540 428 3605 iarn
445 3540 596 3600 observante,
608 3539 696 3592 Carrio
711 3537 744 3590 ad
791 3541 901 3592 mutavit
921 3541 948 3592 iu
966 3537 1042 3590 altera
1059 3540 1166 3592 editione
1180 3537 1282 3590 stilum?

240 3607 347 3680 eiragm.
363 3609 446 3660 histor.
460 3629 485 3678 p.
498 3613 561 3676 489,
574 3609 648 3676 (edit.
661 3609 741 3660 Grut.
792 3625 823 3660 an
835 3607 930 3677 aliquid
942 3608 1021 3677 patius
1032 3607 1065 3681 eti
1082 3607 1172 3660 amala
1182 3614 1283 3660 manue

256 3683 335 3743 1⁶07,
351 3679 393 3746 8.)
412 3697 443 3730 ex
462 3677 602 3746 Flodegarii
617 3677 743 3744 eujufflam
791 3696 822 3732 an
834 3688 952 3746 aquatum
963 3689 1022 3730 eunt
1040 3679 1114 3728 etiam
1130 3677 1190 3730 soli?
1208 3693 1283 3729 ana-

254 3749 432 3802 eommentario
448 3748 512 3798 MS..
524 3747 556 3798 ad
573 3746 744 3802 Barbatisntoe
790 3757 891 3816 quatum
901 3747 938 3799 ire
955 3747 1073 3799 dicuntur
1088 3747 1173 3808 etiarn,
1185 3746 1230 3816 qui
1247 3745 1286 3800 ad

253 3816 515 3886 Donati‚haecpaullo
528 3816 634 3885 plenius,
680 3816 743 3886 ffer-
789 3816 903 3886 requifita
913 3816 1283 3884 naturaeseoedunt,etaquam

253 3895 294 3938 tue
309 3886 409 3956 quidam
426 3886 501 3954 Lr'gus
517 3886 554 3936 ad
568 3885 637 3958 requi
662 3902 678 3935 a
695 3903 742 3937 na-
789 3886 877 3938 deinde
896 3885 1015 3936 sumunt?
1040 3884 1191 3956 Qaestiones
1212 3883 1283 3936 valde

253 3965 327 4010 tum.
364 3955 417 4008 Vix
431 3956 493 4008 mihi
509 3955 617 4006 dubium
628 3954 671 4016 ett,
682 3955 744 4022 quin
789 3954 974 4023 magisteriales.
1010 3956 1055 4008 Sed
1083 3953 1147 4006 nihil
1171 3965 1282 4008 contem·

252 4025 438 4098 respiciatnrad
449 4025 581 4084 historiam,
593 4041 669 4092 quam
684 4041 742 4074 nar·
789 4025 897 4076 nendum
915 4039 994 4092 neque
1014 4024 1040 4074 in
1059 4023 1134 4082 bello,
1145 4037 1224 4091 neque
1234 4023 1284 4076 ubi

253 4107 293 4148 ret
311 4095 413 4164 Crispus
426 4097 487 4162 Jug.
501 4111 543 4160 93,
556 4111 581 4143 ι.
603 4093 673 4145 Forte
688 4091 742 4160 qui·
789 4091 820 4144 de
832 4093 974 4161 integritate
991 4105 1101 4146 veterum
1118 4091 1241 4144 librorum
1253 4107 1282 4142 a·

253 4167 313 4218 dam
324 4164 399 4231 Ligus
409 4182 441 4218 ex
451 4162 582 4216 cohortibus
598 4162 749 4214 auxiliatu-
789 4163 870 4232 gitur.

254 4233 322 4286 miles
328 4232 471 4302 gregarius,
481 4231 566 4302 ceflris
582 4243 701 4300 aquatum
715 4249 743 4282 e·
826 4233 870 4284 do.
890 4227 993 4302 Tempu!
1002 4230 1075 4298 erat]
1093 4229 1159 4286 ὧι.
1173 4246 1200 4292 a,
1211 4230 1273 4288 268.-

249 4303 351 4374 greffur,
366 4303 436 4356 haud
444 4302 531 4370 proed
545 4299 578 4352 ab
594 4301 673 4354 larere
688 4301 742 4376 cas-
