3026 4930
397 331 570 392 meme,
593 331 800 392 oneror.
823 333 906 390 tte.
927 332 980 392 rx.
1000 351 1026 392 ι.
1189 352 1226 411 91

278 497 305 579 l,
315 496 578 601 sequeresltaliam
592 498 702 564 ventis.
715 533 799 550 --

21 625 23 628 ⁵
124 665 177 732 49
191 636 247 714 Et,
264 657 339 700 cum
355 656 492 786 emffiuae
509 634 659 699 nolumus
675 635 772 700 videri
790 635 971 703 adversariis
993 638 1066 716 elle,
1082 640 1234 705 coneedi-

192 744 268 786 mus
284 719 362 786 etsr.
470 721 574 785 acrius
597 722 646 803 fit,
661 745 737 788 cum
753 723 864 788 eedem
880 724 914 787 in
937 726 1030 790 nobis
1047 726 1130 807 lunt,
1147 744 1180 792 et
1200 729 1234 792 in

192 806 370 873 adversario
386 829 450 870 non
466 805 538 871 sunt
554 831 562 870 z
1107 809 1112 818 '

368 961 454 980 -α
468 927 580 1014 Meque
595 927 709 991 timoris

282 1014 317 1078 A
321 1038 393 1101 rguc
408 1025 453 1092 tre,
471 1013 605 1092 Drance,
621 1014 740 1100 quando
757 1025 799 1076 tot
814 1013 902 1077 cadis
914 1040 1034 1082 acervos

284 1101 462 1164 Teucrorum
477 1109 531 1160 tua
545 1099 653 1163 dextra
669 1100 761 1162 dedit.

67 1301 70 1308 ,
197 1233 299 1303 Quod
315 1233 401 1298 idem
415 1247 528 1298 contra
542 1231 638 1312 valet,
654 1255 729 1298 cum
746 1247 801 1296 aut
817 1255 865 1310 ea,
881 1257 952 1320 quae
973 1257 991 1298 a
1007 1235 1099 1300 nobis
1113 1239 1239 1322 absunt,

134 1317 142 1336 ⁸
197 1321 381 1400 autetiam,
397 1343 469 1406 quae
484 1319 517 1383 in
532 1319 722 1384 adversarios
737 1319 897 1400 recidunt,
913 1321 997 1406 quasi
1012 1320 1208 1389 fateamur·:

286 1439 345 1505 Me
358 1441 432 1504 duce
446 1439 628 1504 Dardanius
644 1438 787 1526 Spartam
803 1443 991 1528 expugnavit
1004 1443 1135 1510 adulter.

142 1601 189 1673 50
200 1573 276 1641 Nec
299 1573 332 1640 in
358 1573 499 1662 personis
524 1584 664 1653 tantum,
688 1571 741 1638 sed
768 1587 802 1638 et
826 1573 858 1638 in
885 1576 979 1641 rebus
1005 1576 1147 1644 versatur
1170 1581 1242 1648 haee

201 1662 360 1726 contraria
383 1659 524 1739 dicendi,
541 1682 637 1746 quam
662 1681 733 1744 quee
755 1659 896 1748 intelligi
918 1661 1007 1742 velis,
1023 1664 1116 1743 ratio,
1131 1679 1168 1730 ut
1190 1681 1243 1732 to.

197 1762 273 1812 tum
286 1769 353 1895 fro
368 1746 512 1813 Quintio
527 1744 657 1833 Ligario
675 1746 882 1832 prooemium,
899 1760 933 1811 et
953 1747 1016 1813 illae
1036 1747 1242 1836 elevationes,

208 1833 285 1900 the
299 1845 364 1912 rect,
384 1831 469 1897 Odii
485 1831 574 1896 boni!

293 1953 411 2018 Scilicet
425 1951 451 2016 is
455 1951 578 2041 superis
594 1951 679 2014 labor
691 1949 755 2036 ιβ.
785 1985 789 1992 ·

149 2119 191 2194 5¹
206 2089 250 2154 et
271 2086 326 2152 ne
348 2065 405 2172 pre
428 2084 535 2174 oppio
556 2085 660 2162 rocus,
680 2083 845 2150 namnam
862 2087 994 2155 mirum!
1019 2090 1046 2156 0
1069 2092 1244 2161 tenerem,

208 2175 282 2238 tiam
292 2181 305 2212 ¹·
306 2171 498 2260 singularem
511 2173 523 2236 l
544 2173 620 2236 Non
637 2170 749 2258 procul
764 2185 870 2238 autem
887 2174 1002 2239 absunt
1016 2178 1057 2241 eb
1073 2179 1134 2243 hac
1150 2181 1246 2248 fimu-

206 2259 328 2324 latione
344 2269 429 2322 tresu
444 2257 527 2321 inter
541 2257 571 2320 se
587 2255 714 2333 fimileS,
733 2256 874 2344 Confeffio
890 2261 968 2324 nihil
981 2263 1126 2343 nocitura,
1142 2269 1247 2352 qualis

209 2345 264 2423 est,
282 2333 385 2406 Hales
397 2342 503 2430 igitur,
521 2341 647 2420 Tubero,
663 2342 742 2429 quod
761 2341 800 2428 est
820 2347 982 2432 accersitori
1000 2350 1128 2415 maxime
1140 2367 1247 2440 optare-
1294 2355 1300 2362 ’

209 2431 294 2509 dum,
319 2428 500 2518 caryitentem
525 2453 627 2492 rerem:
662 2439 696 2492 et
722 2427 876 2513 Cenceffio,
905 2454 980 2496 cum
1003 2433 1124 2521 aliquid
1149 2440 1247 2504 etiam

210 2516 364 2602 iniquum
385 2513 531 2578 videmur
550 2511 801 2580 cauffaeffiducie
824 2513 903 2599 pati,
919 2518 1064 2582 Melum*
1088 2522 1249 2608 virgarum

210 2602 408 2666 navarchusr
429 2597 612 2684 nobilifflmee
634 2598 767 2662 civitatis
788 2598 907 2686 ρνιίὶοι
922 2603 1066 2668 redemit:
1088 2605 1251 2674 humanum

212 2686 295 2771 est².·
319 2699 352 2750 et
366 2707 423 2772 pro
441 2686 595 2752 Cluentio
610 2684 651 2748 de
667 2682 797 2762 invidia,
812 2685 992 2751 Dominetur
1006 2689 1039 2752 ire
1055 2692 1251 2776 concionibus,

202 2775 308 2862 jaceat
324 2771 355 2835 in
366 2771 515 2860 judiciis:
538 2770 633 2835 tertia
652 2769 813 2856 Conserfic,
828 2781 866 2832 ut
886 2793 945 2857 pro
960 2774 1088 2854 eodem,
1100 2778 1253 2863 judicium

159 2889 201 2957 52
214 2859 269 2943 effi
284 2869 464 2944 corruptum.
508 2857 593 2920 Haec
613 2853 793 2918 evidentior
812 2855 917 2941 figura
934 2858 988 2937 est,
1004 2881 1078 2924 cum
1094 2861 1191 2928 alicui
1206 2867 1253 2932 rei

215 2940 409 3022 allentimur,
425 2964 498 3028 quae
512 2941 556 3005 est
576 2939 687 3006 future
701 2961 758 3027 pro
778 2942 894 3006 nobis:
918 2965 1029 3008 verum
1053 2945 1085 3010 id
1108 2950 1254 3018 accidere

216 3029 279 3092 fine
302 3027 467 3114 edversarii
490 3027 569 3091 vitio
593 3045 658 3089 non
682 3027 794 3110 potest.
840 3027 998 3094 Quaedam
1018 3029 1116 3098 etiam
1140 3035 1256 3101 veluti

216 3113 398 3192 laudamus,
414 3125 453 3178 ut
473 3111 588 3178 Cicero
607 3111 639 3174 in
663 3111 797 3175 Verrem
817 3113 900 3178 circa
920 3114 1040 3179 crimen
1065 3119 1258 3215 Apollonii‘

217 3195 442 3297 Drepanitani‚
461 3197 586 3262 Gaudeo
605 3195 748 3280 etiamst
767 3196 842 3284 quid
861 3199 900 3262 ab
916 3223 945 3262 ιο
964 3199 1128 3287 ametiste:
1151 3220 1180 3270 et
1203 3209 1256 3271 abr

164 3313 205 3385 53
220 3298 247 3349 tc
262 3283 340 3348 nihil
353 3285 458 3350 rectius
462 3283 586 3372 saelum
601 3283 654 3368 effe
668 3282 743 3348 dico.
789 3284 921 3348 Interim
938 3308 1095 3374 augemus
1111 3291 1256 3376 crimina,

256 3508 368 3556 ‘hiere
433 3503 683 3553 ·tatemurG.Jens.
755 3504 939 3554 tbentvot.tte.
1012 3512 1079 3554 'res
1093 3508 1149 3573 Voffi
1164 3525 1184 3558 r.
1202 3514 1261 3576 quod

216 3573 294 3635 probe.
361 3578 373 3602 ¹
391 3580 459 3618 metu
469 3570 533 3616 lens.
597 3569 717 3618 rnobilis
728 3568 768 3632 iuſs
780 3571 812 3616 G.
823 3571 887 3617 lens.
953 3571 1132 3635 ‘seirfilentk
1183 3579 1259 3626 ¹hn.

222 3651 319 3686 matum
331 3637 387 3689 G„
428 3633 570 3682 brettens.
633 3643 647 3686 ,⁸
666 3632 787 3696 Apollinis
799 3635 829 3682 G.
839 3635 904 3682 lens.

259 3819 305 3886 48'.
324 3814 346 3875 Ι,
357 3814 460 3884 sequere
475 3808 590 3877 ltaliam]
610 3813 675 3865 AEn.
689 3827 717 3875 4,
767 3829 806 3882 pr.
829 3829 850 3863 e.
875 3830 919 3877 23,
942 3812 1057 3864 convenit
1080 3813 1144 3866 inter
1166 3829 1260 3886 partes,

227 3890 288 3950 381.
315 3883 403 3953 Meque
414 3881 507 3934 timeris
519 3883 585 3960 AEn.
602 3900 643 3940 ιι,
657 3885 716 3959 3⁸4:
760 3881 891 3950 judicium,
904 3899 956 3950 quo
969 3883 1102 3936 damnatus
1119 3886 1153 3938 est
1164 3890 1262 3958 Oppiis.

225 3955 272 4007 Me
281 3955 340 4005 dure
354 3971 396 4013 10,
411 3971 455 4019 92·
486 3951 582 4002 Scilicet
591 3950 613 4002 is
622 3953 720 4025 superes
768 3949 928 4019 nicus‚sreiffe
943 3961 1101 4020 corruptum
1115 3973 1130 4006 a
1142 3974 1194 4026 quo
1206 3977 1263 4010 cor.

226 4025 434 4088 AEn.4,379.‘
697 4031 711 4058 ι·
768 4034 870 4090 ruptum
887 4021 971 4086 inerit,
985 4024 1117 4090 quaeritur.
1148 4027 1213 4078 Illud
1232 4031 1263 4081 de
1343 4025 1346 4034 ’

267 4111 309 4158 5¹·
329 4091 413 4142 Habes
423 4087 514 4158 igitur]
528 4091 577 4142 Pte
589 4091 678 4160 Liger.
695 4107 720 4141 1.
769 4090 890 4158 Apollonio
907 4090 1077 4160 Drepanitano
1094 4094 1126 4146 est
1145 4097 1170 4148 in
1188 4101 1261 4151 Verr.

227 4160 326 4214 Merum
335 4161 473 4228 virgarum
485 4163 556 4211 Verr.
573 4178 596 4226 5,
610 4178 654 4223 44.
675 4169 722 4228 pro
770 4177 857 4238 4²¹⁷·
884 4170 931 4228 pro
949 4161 1029 4231 Rffeio
1046 4162 1189 4216 immanitas
1207 4185 1264 4238 par.

229 4229 324 4284 Cluent.
337 4247 361 4283 e.
376 4249 403 4282 2.
432 4230 463 4280 In
479 4229 563 4281 eadem
574 4231 684 4282 oratione
696 4231 723 4281 in
771 4230 854 4282 rreidii
865 4243 1029 4300 exaggeratur
1040 4249 1064 4284 c.
1078 4251 1122 4286 22.
1136 4235 1172 4304 sq.
