3026 4930
252 423 296 506 98
487 421 535 485 M
554 416 680 478 FABII
701 414 1057 508 ourncrtttnnt

258 597 357 664 mete,
376 582 428 650 sed
450 581 610 650 faciebant
635 579 700 648 illis
723 579 833 646 locum
855 578 967 660 etiem,
989 581 1073 648 ubid
1096 579 1228 648 inutiles
1249 601 1287 650 ne

258 671 385 738 nefarie
399 669 516 734 essent:
539 679 599 732 ut‘
622 666 641 730 fi
665 679 764 754 peter,
779 668 838 752 qui
858 664 1011 732 infamem
1032 667 1065 731 in
1089 683 1223 732 matrem
1247 668 1285 732 fi-

255 757 339 824 liurn
353 757 471 822 secreto
485 752 657 833 occidillet,
671 774 744 818 reus
759 753 855 818 malae
868 752 1078 834 traditionis,
1091 751 1288 840 jacularetur

152 915 156 926 ,
256 842 290 910 in
305 863 440 907 uxorem
453 837 594 926 obliquis
608 837 783 904 sententiis.
812 839 901 904 Nam
915 837 993 925 quid
1006 838 1175 937 impurius,
1188 861 1285 926 quem
1300 838 1344 902 to
1362 853 1364 858 '

255 927 415 993 retinuisse
442 923 564 990 talem?
604 922 694 992 Quid
728 946 823 1013 porro
857 937 925 990 tam
953 938 1160 1004 contratrum,
1188 947 1286 1012 quam

255 1035 331 1080 eum
344 1011 366 1092 ἲ,
386 1011 443 1112 qui
466 1010 640 1088 accusetur,
653 1008 733 1098 quia
754 1008 915 1080 summum
939 1009 1027 1076 nefas
1052 1009 1223 1096 suspicatus
1245 1010 1286 1074 de

255 1120 354 1164 uxore
376 1097 532 1178 videatur,
551 1095 737 1162 confirmare
761 1096 796 1162 id
820 1096 884 1181 ipse
908 1094 1102 1175 defensione,
1122 1095 1210 1183 quod
1235 1095 1286 1160 di·

253 1182 409 1250 luendum
426 1183 494 1247 est?
518 1181 576 1262 At,
592 1181 612 1245 fi
634 1180 785 1268 judicum
807 1181 967 1246 sumerent
988 1181 1145 1264 animum,
1161 1180 1287 1262 scirent,

255 1292 354 1358 quarn
376 1267 529 1356 ejusmodi
552 1265 711 1332 actionem
732 1265 827 1330 laturi
853 1288 917 1330 non
940 1265 1086 1332 fuissent:
1118 1267 1289 1353 multoque

254 1355 353 1422 etiam
369 1354 487 1433 minus,
503 1376 577 1420 curn
600 1351 633 1415 in
654 1365 800 1439 paren-tes
821 1352 1033 1416 abominanda
1053 1351 1189 1416 crimina
1202 1353 1287 1438 spar-

279 1453 418 1506 erentur.
462 1441 506 1504 Et
519 1449 676 1525 quatenus
690 1435 757 1503 huc
779 1435 965 1518 incidimus,
979 1437 1089 1524 paullo
1105 1437 1179 1524 plus
1192 1436 1286 1504 scho·
1300 1437 1319 1502 8
1324 1455 1339 1502 r

254 1464 297 1592 irs
320 1525 443 1592 demus.
486 1525 574 1600 Nam
595 1535 629 1588 et
652 1521 685 1588 in
708 1522 760 1588 his
782 1523 938 1587 educatur
958 1535 1084 1587 orator:
1110 1535 1145 1588 et
1169 1543 1212 1587 ru
1234 1545 1287 1605 eo,

255 1631 322 1700 quo
337 1609 434 1676 modo
455 1608 662 1688 declinetur,
677 1607 811 1694 positum
827 1609 870 1676 cll
884 1608 994 1688 etiam,
1009 1630 1075 1707 quo
1095 1608 1194 1672 modo
1208 1629 1287 1694 aga-

255 1711 319 1764 tur.
363 1695 546 1761 Dicendum
559 1715 639 1782 ergo
654 1693 695 1758 de
714 1693 752 1758 iis
767 1717 909 1782 quoque,
926 1693 959 1758 in
975 1695 1093 1780 quibus
1108 1717 1175 1758 non
1196 1695 1287 1780 al'pe-

254 1804 303 1848 ras
327 1781 457 1874 figuras,
472 1779 527 1846 sed
548 1778 675 1866 palamg
698 1779 873 1844 contrarias
897 1781 1007 1844 ceuffae
1029 1777 1174 1868 plerique
1198 1774 1314 1844 fece?

254 1878 340 1932 runt.
386 1865 567 1950 l'yrannidis
590 1865 744 1952 affirtatae
767 1867 929 1930 damnatus
953 1877 999 1928 tor
1020 1876 1141 1944 uratur,
1162 1877 1198 1929 ut
1218 1889 1286 1930 cen-

243 1952 323 2041 scios
345 1952 471 2016 indicet:
494 1951 644 2038 acczrsator
667 1951 728 2040 ejus
752 1962 840 2038 optet,
855 1951 936 2039 qnod
954 1889 1046 2018 veit.
1089 1952 1213 2016 Patrem
1235 1951 1288 2040 qui

224 2085 227 2091 -
254 2038 418 2124 accusavit,
433 2048 525 2134 optat,
540 2059 577 2100 ne
592 2035 616 2100 is
631 2047 827 2123 torqueatur:
845 2048 933 2124 pater
947 2037 973 2100 ei
987 2037 1173 2103 contradicit.
1216 2037 1287 2102 Ne·
1301 2037 1343 2106 82

254 2124 354 2188 mose
369 2133 504 2186 tenurta
529 2141 585 2184 ens
600 2143 657 2208 pro
671 2133 774 2208 putre,
788 2121 868 2210 quin
884 2121 1001 2210 ligurus
1020 2121 1054 2210 in
1076 2121 1180 2188 filium
1201 2121 1290 2198 lece-

253 2220 314 2289 ret,
329 2219 491 2294 tamquam
505 2143 598 2271 filum
613 2206 776 2272 conscium
791 2221 881 2294 peter
896 2207 929 2272 in
943 2207 1112 2273 tormentis
1133 2209 1209 2274 ellet
1226 2230 1287 2274 no-

253 2293 444 2358 minaturus.
490 2291 660 2379 Qudquid
676 2291 823 2357 stultius?
848 2293 936 2358 Nam
958 2315 1034 2358 curn
1056 2293 1145 2358 hooh
1159 2292 1289 2381 judices

252 2378 480 2456 intellexerint,
503 2388 560 2442 aut
584 2399 648 2442 non
673 2377 888 2464 torquebitur,
917 2399 993 2443 curn
1023 2377 1114 2443 ideoi
1143 2379 1287 2466 torqueri

252 2463 350 2532 velitz
372 2473 429 2528 aut
450 2473 537 2528 torto
563 2483 628 2528 non
651 2463 809 2529 credetur.
853 2465 902 2528 Ar
926 2461 1066 2530 credibile
1089 2462 1139 2552 est,
1156 2465 1208 2530 bec
1221 2487 1285 2531 eum
1299 2464 1339 2552 83

270 2723 272 2728 ·
283 2699 295 2730 ¹¹
309 2685 413 2762 peisonae
424 2699 464 2764 ins.
475 2699 538 2748 editt,
550 2717 565 2746 a
576 2699 645 2764 Regio
656 2699 705 2747 inde
712 2699 798 2763 plures.
846 2705 857 2730 ·
870 2717 913 2747 om.
926 2701 956 2748 G.
973 2709 1001 2749 nt
1012 2700 1032 2750 is
1043 2699 1075 2750 G.
1085 2701 1151 2755 lens.
1200 2701 1211 2742 f
1219 2701 1289 2754 eninr

154 2803 160 2808 .
250 2765 314 2814 Jeus.
380 2767 571 2828 ‘pemmlenti
635 2765 761 2815 Ναοῦ.
826 2761 955 2846 ¹omnino
965 2767 997 2815 G.

289 2955 649 3026 79.ubir'nrrti1esacmfariae
660 2956 742 3028 efferet]
793 2957 873 3012 nostro
888 2959 992 3014 Rustico
1009 2959 1036 3012 h.
1054 2979 1080 3013 v.
1109 2963 1197 3034 Longe
1214 2961 1287 3031 plura

253 3028 367 3098 Personae
383 3027 457 3088 illud,-
466 3029 534 3098 quod
551 3029 639 3098 Regii,
650 3029 745 3098 optime
793 3029 890 3081 dabunt
912 3046 976 3097 quos
999 3029 1216 3083 ibi¹laudavimus
1237 3033 1286 3083 viri

251 3096 347 3166 alioqui
357 3098 389 3154 de
406 3099 487 3151 Fabio
503 3099 596 3160 meriti,
608 3098 745 3150 austeriter
793 3099 871 3160 doni,
883 3099 977 3168 quibus
989 3099 1075 3150 addere
1083 3101 1136 3164 jam
1146 3099 1205 3152 lieet
1216 3102 1285 3159 Lon-

152 3202 154 3230 ,
252 3167 434 3220 commendavit
450 3167 563 3236 reliquie,
580 3185 629 3220 non
646 3179 745 3220 tanturn
793 3168 890 3240 golium
907 3167 939 3218 ad
956 3168 1024 3220 Plin.
1043 3169 1124 3239 Epist.
1145 3187 1187 3230 re,
1200 3188 1244 3236 99,
1258 3188 1284 3222 ι.

252 3236 319 3292 abest
338 3253 353 3288 a
372 3237 444 3290 libris
463 3239 577 3308 optimis,
595 3255 645 3290 non
666 3237 745 3290 solum
795 3241 853 3291 Uno
872 3238 913 3289 hic
929 3237 1040 3308 exemplo
1052 3239 1167 3294 ,contenti
1182 3241 1287 3302 erimus,

253 3305 410 3366 necessarium
427 3325 476 3362 non
492 3307 534 3369 est,
545 3306 586 3360 sed
603 3307 674 3378 plene
685 3306 745 3360 alie·
794 3309 820 3360 in
838 3307 906 3377 quod
923 3305 987 3360 forte
1003 3307 1077 3360 modo
1094 3307 1239 3370 incidimus,
1255 3327 1287 3364 ex

253 3392 325 3427 num.
352 3376 487 3442 Adjediiva
497 3375 594 3430 inutiles
604 3389 629 3430 et
639 3375 747 3443 nefaria
793 3378 846 3448 ipso
856 3377 979 3448 principio
990 3376 1131 3430 Paradoxm
1146 3377 1286 3442 Ciceronis,

252 3443 393 3502 referuntur
409 3446 442 3506 ad
458 3447 621 3517 synonymum
637 3447 746 3500 reninis
794 3446 1284 3503 Animadverti-catonem-nocos

246 3513 384 3585 schema,
399 3515 431 3567 h.
452 3533 475 3568 e.
500 3517 531 3568 sd
542 3516 659 3638 Liguras.
689 3517 746 3568 vHae
796 3531 918 3570 ennvte
939 3533 973 3570 ex
993 3516 1140 3599 pbilojiphia
1161 3521 1286 3580 radiare,

253 3583 747 3725 {tltr‘lftintttinttlt‘
793 3585 1287 3726 tltt‘ttffist'dtlntstt‘

219 3688 222 3699 .
347 3689 348 3692 η
500 3691 509 3716 ,
733 3689 745 3700 .
790 3687 792 3692 s
876 3691 884 3718 ,
1274 3687 1285 3700 .

253 3724 330 3794 empli
346 3723 426 3776 cautla
443 3723 551 3790 subjicit.
582 3727 672 3795 Neque
688 3742 746 3778 vero
793 3725 887 3778 habilia
896 3725 1055 3780 viderentur.

253 3794 376 3863 offendere
397 3793 506 3864 aliquem
527 3795 602 3848 debet
625 3795 686 3848 istud
709 3793 745 3847 lo·
830 3815 875 3864 79.
892 3797 1010 3864 infamem
1026 3797 1052 3849 in
1063 3795 1181 3859 matrem]
1200 3795 1284 3846 Trac-

253 3864 347 3933 quendi
365 3881 453 3934 genus,
471 3881 595 3919 cumnon
615 3863 745 3934 adipsum
794 3876 863 3918 tatur
884 3865 936 3918 heec
956 3867 1045 3936 species
1063 3867 1088 3918 in
1108 3864 1288 3918 declamatione

253 3933 356 4006 aliquod
366 3934 480 3995 verbum,
493 3934 532 3989 sed
550 3931 582 3986 ad
594 3933 661 3986 illius
673 3935 746 4004 syno·
798 3940 828 3988 18
842 3947 865 3988 et
879 3955 921 4004 19,
933 3953 991 4014 quet
1002 3937 1081 3989 Fabio
1092 3936 1247 3986 tribuuntur.

254 4002 578 4072 nymumrefertnrorntior
597 4007 743 4073 quernSn·
832 4009 875 4056 81.
894 4006 971 4059 deris
1003 4006 1090 4076 noque]
1109 4005 1177 4056 Puto
1194 4003 1285 4056 intelli·

252 4073 300 4139 eſsn
319 4072 437 4142 exemplis
456 4073 566 4142 aliquam
582 4075 669 4126 multis
707 4091 746 4126 ar·
795 4077 904 4145 gendum
924 4023 1030 4146 sebois.-
1060 4073 1104 4128 nsi
1127 4073 1185 4146 quis
1213 4074 1287 4126 malit

254 4146 321 4202 renis
333 4156 357 4194 et
369 4142 515 4196 Columella
531 4142 630 4196 duobus
642 4144 747 4196 illustra-
794 4145 887 4210 carrffis.

254 4215 406 4272 temridere
418 4213 502 4290 ‚poteli
519 4212 594 4270 tenor
611 4215 636 4266 in
654 4215 747 4268 Lenito
846 4252 849 4260 ι
