3014 4918
318 895 1186 1004 M.FAB110U1NCT1L1AN1
1252 853 1264 878 '
1324 985 1327 989 ,

732 1191 782 1235 DE

316 1445 319 1452 .
364 1384 805 1460 INSTITUTIONE
840 1387 1150 1461 ORATORIA

516 1621 654 1678 LIBER
674 1619 998 1680 DUODECIMUS.

631 1891 882 1948 PROOEMIUM·

242 2067 468 2175 VENTUM
488 2104 531 2168 est
550 2101 589 2167 ad
603 2114 725 2190 partem
740 2102 842 2190 operis
857 2101 999 2168 destinati
1018 2103 1118 2192 longe
1129 2096 1278 2193 gravissi·⁴

242 2213 341 2255 mam.
386 2189 487 2276 Cujus
509 2212 527 2252 e
551 2189 659 2267 uidem
684 2189 810 2254 onussr
839 2201 965 2254 tantum
994 2190 1144 2276 opinione
1172 2193 1274 2277 prima

242 2275 411 2361 concipere
454 2213 610 2354 otuitiem,
626 2286 746 2361 quanto
761 2295 813 2338 me
833 2274 935 2362 premi
955 2273 1059 2338 ferens
1074 2276 1185 2355 senti0,
1201 2299 1272 2343 ma·
1380 2308 1383 2315 ·

241 2361 346 2426 turius
367 2297 585 2423 consirluissem
607 2360 689 2424 vires
710 2381 811 2426 meas.
850 2359 919 2424 Sed
940 2359 1033 2424 initio
1054 2360 1155 2445 pudor
1175 2363 1273 2427 omit·
1358 2435 1361 2446 y

244 2445 346 2525 tendi,
360 2467 433 2530 quae
447 2444 660 2531 promiseram,
674 2445 798 2509 tenuit=
821 2465 908 2524 mox,
924 2465 1118 2532 quamquam
1141 2468 1197 2533 per
1211 2448 1273 2511 fin·

244 2531 338 2630 gulas
344 2539 481 2677 flprope⁸
504 2543 610 2616 partes
635 2528 726 2593 labor
746 2529 911 2607 cresceret,
934 2550 976 2593 ne
1002 2529 1177 2616 perderem,
1201 2555 1293 2620 qnae·

239 2637 342 2702 Jamo
366 2615 436 2679 eea
450 2627 553 2694 eraut,
567 2635 623 2700 per
645 2634 757 2678 omnes
779 2613 980 2690 difficultates
1004 2614 1111 2678 animo
1134 2639 1187 2682 me
1208 2618 1273 2681 sus·

211 2699 378 2769 atentavi.
418 2700 531 2778 Quare
554 2719 641 2763 nunc
667 2719 808 2786 quoque,
829 2699 906 2764 licet
925 2698 1056 2785 majorb
1076 2721 1172 2786 quam
1199 2723 1274 2770 um-

267 2807 343 2850 uam
366 2783 467 2848 moles
488 2797 622 2869 premat,
636 2795 741 2847 tamen
762 2783 963 2871 prospicienti
982 2784 1077 2856 finem
1093 2786 1173 2864 mihi
1194 2809 1274 2854 con·

243 2807 388 2936 iiitutum
404 2869 446 2932 est
460 2868 511 2932 vel
532 2869 666 2933 deficere
686 2868 808 2955 potius,
822 2890 916 2955 quam
934 2868 1106 2954 desperare.
1149 2871 1277 2950 Fefellit

154 2955 169 2965 “
243 2967 366 3036 autem,
388 2953 476 3053 quod
500 2953 629 3018 initium
652 2975 671 3016 a
691 2952 793 3054 parvis
814 2975 1023 3041 ceperamus:
1046 2975 1123 3019 mox
1145 2976 1274 3032 neuun

244 3061 322 3106 aura
354 3038 530 3124 solicitante
564 3037 705 3126 provebit
740 3037 884 3126 longius,
918 3037 996 3102 dum
1033 3051 1158 3104 tantum
1199 3056 1276 3108 nota

244 3125 312 3205 illa,
328 3136 360 3188 et
394 3123 528 3210 lorisque
539 3122 667 3200 ¹artium
688 3121 891 3210 scriptoribus
910 3123 1043 3188 tractata
1059 3121 1276 3214 praecipimus,

243 3231 305 3274 nec
333 3147 440 3277 adiiuc
467 3231 486 3273 a
513 3208 607 3272 litore
629 3206 741 3293 procul
763 3207 959 3287 videbamur,
982 3220 1015 3272 et
1043 3209 1165 3275 multoe
1191 3213 1277 3277 circa

210 3295 335 3381 gvelut
357 3293 466 3358 iisdem
491 3293 522 3357 se
544 3291 647 3356 ventis
668 3292 794 3356 credere
817 3293 907 3357 ausos
930 3292 1138 3360 habebamus.
1181 3299 1276 3362 Jame
1342 3309 1347 3316 '

191 3399 194 3404 ·
245 3400 322 3443 cum
340 3378 512 3463 eloquendi
530 3378 686 3441 rationem
708 3376 869 3442 noviffime
890 3391 1057 3464 repertam,
1072 3379 1275 3465 pauciffimis-

244 3482 310 3548 que
334 3472 486 3526 tentatam
512 3461 636 3549 ingresfi
665 3462 785 3542 sumus,
811 3483 898 3528 rarus
908 3465 933 3542 ὖ,
956 3463 1012 3548 qui
1026 3463 1097 3549 jam
1122 3466 1234 3552 procul
1257 3487 1277 3531 a

244 3559 343 3634 portu
356 3547 528 3624 recessisset,
545 3545 761 3632 reperiebatur
771 3559 795 3611 ⁸.
833 3549 997 3632 Postquam
1012 3570 1087 3613 vero
1101 3551 1194 3614 nobis
1208 3550 1276 3630 ille,

244 3653 343 3721 quem
357 3629 610 3711 instituebamus,
626 3643 743 3712 orator,
758 3653 778 3696 a
798 3631 925 3696 dicendi
947 3633 1102 3720 magistris
1122 3635 1276 3716 dimissus,

276 3824 289 3851 ¹
306 3831 402 3881 quoque
411 3816 475 3865 Jens.
548 3814 560 3851 Β
577 3814 662 3875 majori
674 3829 698 3878 q.
706 3830 733 3866 u.
743 3816 809 3866 mose
820 3831 914 3880 premar
924 3818 956 3866 id.
1031 3824 1041 3848 ⁹
1058 3818 1220 3878 June-etente-
1231 3837 1273 3870 om.

245 3884 277 3931 G.
288 3895 311 3930 et
337 3883 395 3945 ergit
405 3893 455 3929 tam
467 3879 559 3942 ingressi
570 3881 660 3928 sumus.
725 3881 736 3911 ‘⁸
755 3884 811 3930 ratis
821 3897 876 3944 quae
886 3882 950 3932 Jens.
969 3881 1022 3931 Vid.
1034 3881 1079 3945 leg.
1089 3897 1153 3930 rurus
1169 3885 1210 3945 qui
1222 3895 1275 3935 tam

243 3961 301 4011 proc
327 3945 472 4010 -repe'rieb
536 3945 700 4008 ‘rapiebatur
709 3944 741 3994 e’d.

282 4127 307 4162 1.
326 4126 357 4160 ne
368 4107 508 4178 perderem]
527 4107 568 4159 Sic
578 4123 608 4159 ne
620 4104 734 4175 perdide-
782 4103 876 4158 strenue
926 4121 966 4158 no
979 4115 1065 4158 utatur
1076 4107 1210 4178 posteritas,
1221 4129 1274 4180 quo

160 4219 170 4226 .
245 4175 289 4237 rit,
309 4195 354 4229 nen
374 4177 443 4247 ceffat
456 4179 560 4244 perdere
578 4177 650 4246 lusor.
688 4175 734 4228 Sed
781 4177 865 4228 minus
886 4175 935 4228 ilis
952 4188 1034 4247 pereat
1052 4190 1102 4231 tnae
1119 4176 1215 4232 nunus
1235 4185 1274 4234 in-

247 4256 275 4296 m
293 4247 393 4315 quidem
411 4246 503 4298 laboris
519 4248 557 4298 tui
573 4245 636 4298 nihil
652 4243 735 4314 perdi:
782 4244 891 4299 dustria.

244 4313 310 4378 dissi,
333 4316 415 4382 Fabi,
443 4315 540 4368 utinam
563 4315 615 4368 tuit
638 4315 735 4366 divitiis
