3008 4914
394 441 563 508 INSTIT.
583 441 781 504 ORATOR.
807 441 891 502 LIB.
912 439 981 506 XII.
1005 459 1052 520 to.
1172 455 1232 522 347

169 624 172 634 ¹
197 599 351 689 tatio'est,
365 607 420 696 qui
443 629 518 674 cum
535 609 567 673 in
590 607 712 673 cithara
728 606 868 692 quinque
884 603 1113 671 constituerunt
1127 605 1232 684 sonos,

201 689 338 778 plurima
358 693 475 759 deinde
497 695 648 758 varietate
671 692 833 776 complent
854 692 953 776 spatia
974 691 1030 756 illa
1049 711 1232 767 nervorum,

202 775 352 868 atqueiis
371 801 453 868 quos
468 778 734 864 interposuerunt,
751 775 892 842 inserunt
906 777 996 853 alios,
1010 782 1050 840 'ut
1072 777 1163 862 pauci
1185 776 1235 840 illi

147 863 349 950 69t'ranlitus
379 863 498 927 multos
527 861 646 950 gradus
676 863 826 926 habeant.
873 861 980 924 Plures
1009 862 1108 926 icitur
1138 861 1236 926 etiarn

203 942 397 1036 eloquentiae
413 947 521 1026 facies,
537 947 590 1012 sed
605 947 813 1014 stultiffimurn
830 969 984 1032 quaerere,
1000 916 1043 1009 ab
1055 967 1149 1030 quam
1165 967 1236 1010 rec·

203 1045 294 1098 turus
309 1035 339 1098 se
364 1033 400 1098 srt
414 1047 540 1107 orator:
565 1055 639 1096 cum
662 1032 766 1095 omnis
788 1030 919 1118 species,
961 1053 1011 1094 uae
1028 1033 1129 1094 nrndo
1151 1033 1240 1096 reeta

205 1119 259 1198 cst,
275 1119 390 1184 habeat
406 1119 508 1196 usum,
525 1129 622 1204 atque
637 1115 668 1180 id
683 1117 784 1203 ipsum
800 1139 896 1182 omne
909 1118 916 1155 ¹
938 1054 976 1178 lit
990 1116 1133 1193 oratoris,
1148 1116 1241 1216 quoti

204 1203 304 1292 vulgo
323 1225 418 1290 genas
441 1201 557 1266 dicendi
576 1217 701 1266 vocant.
747 1203 866 1267 Utetur
880 1202 979 1280 enim,
995 1213 1096 1264 utres
1118 1213 1238 1288 cinget,
1275 1213 1281 1226 ·

205 1289 370 1368 omnibus,
395 1307 455 1352 nec
481 1309 538 1374 pro
561 1287 692 1352 caull'am
720 1286 828 1363 modo,
851 1285 904 1350 sed
930 1295 986 1350 et'¹
1013 1307 1072 1374 pro
1096 1287 1240 1370 partibus
1328 1365 1330 1370 Ι

151 1387 194 1455 70
207 1373 330 1437 cau'ssae.
374 1375 462 1438 Nam
485 1387 522 1436 ut
543 1395 606 1436 non
621 1370 734 1436 eodem
757 1370 855 1434 modo
870 1391 995 1456 proreo
1011 1371 1135 1456 capitis,
1151 1383 1184 1434 et
1204 1370 1239 1434 in

204 1458 379 1526 certamine
401 1457 598 1536 hereditatis,
613 1471 646 1520 et
665 1457 706 1520 de
728 1455 907 1520 interdictis
920 1462 933 1488 ⁰
954 1477 991 1520 ac
1010 1455 1239 1556 sponfionibus,

207 1547 240 1606 ct
263 1542 302 1608 de
325 1557 412 1608 certa
432 1558 489 1623 re?
513 1543 632 1607 credita
646 1541 750 1618 dicet3
773 1540 999 1604 sententiarum
1023 1563 1055 1603 1n
1070 1540 1190 1618 senatu,
1207 1551 1242 1605 et

206 1629 412 1708 concionum,
438 1640 471 1696 et
499 1628 692 1714 privatorum
726 1626 927 1691 confiliorum
963 1623 1098 1690 servabit
1131 1626 1241 1691 discri-

206 1713 295 1778 mina
307 1738 317 1793 3
344 1715 470 1776 vitam‘l
492 1735 531 1776 ex
553 1710 732 1774 differentia
749 1712 949 1798 perjoaaram,
973 1711 1108 1790 locorum,
1132 1723 1186 1774 tem
1208 1737 1240 1776 οι

207 1821 332 1884 rumque
347 1797 502 1861 mutabit:
528 1795 572 1858 ita
594 1796 624 1858 in
641 1795 751 1858 eadem
775 1797 918 1858 oratione
940 1794 1030 1858 aliter
1049 1728 1243 1880 conciliabit,

209 1903 272 1944 non
289 1903 328 1946 ex
343 1879 460 1944 eisdem
476 1881 618 1967 partibus
633 1881 711 1943 iram
726 1893 759 1943 et
775 1880 1018 1944 misericordiam
1035 1894 1141 1968 petet:
1165 1881 1244 1946 aliae

156 1979 194 2047 71
210 1960 459 2042 adducendum,
477 1966 552 2028 alias
567 1964 606 2030 ad
622 1963 838 2028 movendumr
855 1965 1020 2029 adhibebit
1036 1979 1129 2030 artes.
1165 1967 1243 2031 Non

210 2065 294 2115 unus
315 2049 405 2114 color
419 2051 566 2138 prooemii,
588 2050 783 2125 narrationis,
799 2061 1050 2137 argumentorum,
1067 2051 1243 2137 egrrffionis,

206 2134 413 2224 perorationis,
429 2135 613 2199 servabitur.
652 2133 848 2198 Dicetidem
864 2134 1013 2221 graviter,
1029 2135 1144 2214 severe,
1160 2139 1243 2200 aeria

211 2233 271 2301 ter,
296 2221 511 2300 vehementer,
536 2219 707 2297 concitate,
728 2220 863 2306 copiose,
888 2243 1003 2298 amare,
1027 2221 1170 2301 comiter,
1194 2245 1244 2286 re-

210 2304 310 2385 misse,
335 2305 504 2384 subtiliter,
530 2305 660 2384 blande,
687 2305 811 2382 leniter,
837 2304 986 2383 dulciter,
1009 2305 1159 2383 breviter,
1187 2329 1244 2370 ur·

158 2407 198 2474 72
211 2393 305 2470 bane,
323 2411 386 2455 non
403 2392 524 2478 ubique
540 2389 647 2454 similis
658 2402 680 2468 ³,
698 2390 907 2475 sed.ubiquet
923 2413 978 2476 par
994 2391 1061 2456 fibi.
1106 2391 1159 2455 Sic
1181 2392 1247 2469 liet,

209 2500 284 2541 cum
300 2477 345 2555 ld,
361 2475 590 2562 propterquod
613 2475 751 2538 maxime
765 2490 909 2562 repertus
923 2477 965 2538 est
983 2476 1057 2539 usus
1079 2477 1245 2557 orationis,

210 2574 247 2625 ut
271 2561 357 2625 dicat
379 2575 413 2624 et
432 2561 562 2637 utiliter,
578 2573 610 2623 et
634 2561 673 2622 ad
693 2559 895 2624 efficiendum
916 2561 1003 2645 quod
1019 2559 1171 2640 intendit,
1186 2583 1245 2647 po-

210 2641 336 2710 tenter:
361 2659 430 2708 tum
451 2644 581 2709 laudent
597 2666 726 2730 quoque
749 2648 833 2707 nec¹¹
853 2644 1020 2708 doctorum
1043 2645 1141 2708 modo
1153 2658 1179 2724 ³¹,
1193 2645 1248 2712 seri

160 2742 198 2811 73
213 2729 310 2794 etiam
338 2729 428 2816 vulgi
457 2729 675 2814 consequatur.
721 2727 914 2794 Falluntur²
942 2730 1030 2792 enim
1080 2730 1246 2812 lurimum,

212 2815 269 2900 qui
286 2812 430 2880 vitiosum
448 2827 480 2878 et
502 2828 685 2899 corruptum
708 2811 835 2876 dicendi
855 2834 972 2900 genus,
989 2753 1081 2900 quoti
1098 2829 1153 2880 aut
1175 2837 1246 2879 ver-

212 2901 327 2965 borum
343 2897 473 2963 licentia
484 2898 624 2977 resultat,
639 2910 696 2961 aut
711 2897 886 2983 puerilibus
899 2897 1096 2962 sententiolis¹
1116 2899 1246 2980 lascivit,

214 2995 270 3049 aut
295 2983 469 3050 immodico
490 2996 616 3050 tumore
637 2983 800 3069 turgescit,
823 2996 879 3046 aut
901 2983 1048 3050 inanibus
1070 2985 1150 3050 locis
1171 2987 1249 3050 bac·

214 3069 339 3148 ebatur,
355 3082 413 3132 aut
437 3067 563 3146 casuris,
586 3068 605 3130 fi
629 3066 740 3133 leviter
763 3066 975 3146 excutiantur,
995 3069 1131 3134 flosculis
1154 3071 1248 3152 nitet,

214 3167 269 3218 aut
288 3152 465 3240 praecipitia
483 3174 540 3238 pro
562 3151 752 3217 sublimibus
773 3151 884 3230 habet,
899 3167 955 3216 aut
973 3153 1075 3240 specie
1094 3155 1249 3222 libertatis
1312 3181 1316 3189 ·

215 3239 351 3305 insanit:
389 3238 494 3324 magis
522 3237 723 3302 artissimam⁸
757 3237 908 3322 populare
943 3251 1038 3324 atque
1072 3240 1248 3338 plausrbile.

162 3338 204 3411 74
217 3324 315 3390 Quod
330 3323 462 3411 quidem
478 3321 602 3407 placere
616 3321 728 3388 multis
743 3344 802 3386 nec
817 3322 946 3402 infitior,
963 3346 1022 3389 nec
1044 3348 1153 3393 mrror.
1196 3328 1250 3393 Est

250 3525 529 3590 maerentem}
628 3549 649 3574 ¹²²*
666 3539 826 3592 eauffae'Jens.
914 3553 930 3582 π
947 3564 988 3594 om.
1001 3547 1032 3594 G.
1042 3547 1106 3596 lens.
1182 3547 1196 3576 0
1212 3549 1252 3596 in-

217 3606 291 3654 ternis
302 3607 334 3657 G.
412 3611 424 3646 P
439 3623 481 3654 ora.
492 3609 523 3656 G.
534 3607 598 3656 lens.
685 3619 697 3655 t
715 3608 793 3657 multa
806 3609 861 3657 oar.
871 3618 952 3658 utram
963 3613 990 3654 V.
1005 3611 1033 3658 C.
1044 3612 1107 3658 Aba.
1124 3611 1214 3674 Ouidfi
1222 3623 1252 3661 ut

218 3686 337 3734 rationem
348 3703 376 3734 ex
387 3672 497 3736 utffin?
571 3689 750 3736 rmonendum
760 3689 824 3736 lens.
890 3689 989 3736 'fimul
1001 3691 1031 3736 G.
1042 3691 1106 3738 Jens.
1171 3692 1255 3744 tubi·

219 3762 315 3812 cunque
325 3751 358 3800 G.
432 3759 444 3783 ¹¹
465 3753 588 3800 nonJens.
640 3752 674 3784 '¹
693 3752 835 3818 quoq'ueG.
908 3753 1251 3816 ²Fellunte.plurimileas.

218 3819 231 3844 ¹
248 3817 385 3868 existiment
395 3817 427 3866 G.
440 3819 559 3866 existimet
568 3816 632 3868 lens.
940 3850 943 3860 ·

218 3993 292 4058 eujus
303 4006 374 4046 motu
385 3995 657 4064 verumtamem
674 4007 713 4046 at·
760 4013 816 4048 nem
831 4015 861 4050 ex
872 4013 923 4048 uno
935 4006 1033 4049 tantum
1043 3997 1116 4050 aliter
1126 4009 1251 4054 motama

221 4072 347 4116 tenuatam
368 4077 393 4116 et
422 4064 565 4118 rarel'ac‘lam
593 4066 711 4118 dicerent.
761 4065 872 4128 Rolano,
883 4080 907 4118 et
925 4067 956 4118 ad
974 4069 1131 4121 Gronovium
1149 4067 1250 4121 nosab-

223 4131 275 4181 Nec
287 4151 344 4183 vera
355 4135 419 4188 ratio
431 4135 506 4186 nimis
519 4135 630 4200 obscura.
762 4135 837 4203 legat,
859 4137 904 4205 qui
927 4137 959 4188 ad
980 4137 1038 4190 Liv.
1064 4155 1088 4202 3,
1111 4155 1152 4201 37,
1171 4151 1195 4192 et
1219 4140 1249 4192 ad

249 4217 300 4268 ¹70.
319 4201 394 4260 aliter
405 4203 552 4268 conciliabit]
576 4205 659 4256 Etiam
672 4205 713 4258 hic
763 4205 832 4256 Tac.
856 4221 880 4268 3,
901 4222 943 4269 37,
961 4205 1099 4268 ostenderit,
1116 4206 1250 4269 solitarium

222 4267 342 4334 sapienter
353 4265 466 4340 probibet
480 4273 601 4324 medicam
613 4291 714 4344 manum
753 4291 938 4344 ‚nonnunquam
951 4275 1011 4329 illud
1024 4276 1094 4346 poni-c

223 4339 393 4402 Burmannus,
407 4353 471 4396 certe
488 4342 582 4395 lacunae
601 4343 715 4419 sulpicio-
