3014 4918
452 375 621 440 msam.
641 316 839 436 onnuoiu
864 374 950 434 tm.
968 375 1023 438 xr.
1044 395 1074 452 3.
1148 331 1150 340 ’
1216 389 1274 462 ²97

246 537 420 606 tationibus
446 539 609 606 resultans.
652 540 725 604 Nec
753 537 908 605 inutiliter
937 561 977 604 ex
1006 538 1127 604 Graecis
1154 551 1277 606 veteres

247 625 481 704 transtulerunt,
495 626 583 711 quod
602 625 642 690 ab
663 625 714 688 his
735 623 874 688 sumtum
890 626 994 689 Leuas
1009 625 1147 712 Popilius
1163 625 1276 711 posuit,

191 711 309 794 ‚melle
334 712 409 774 hanc
431 711 602 794 inatiosnnr'¹
627 710 777 776 actionem.
822 709 854 773 Ο
876 710 956 774 time
980 709 1080 796 igitur
1101 709 1200 788 idem,
1220 710 1277 796 qui

248 795 367 873 omnia,
386 794 500 859 Cicero
524 808 728 892 praeceperat,
746 813 819 878 quae
840 731 931 880 siipra
953 816 993 858 ex
1019 807 1142 859 oratore
1168 794 1277 882 posui:

138 923 153 946 a
249 880 367 966 quibus
392 878 503 943 similia
528 903 560 943 m
587 881 688 942 Bruto
710 879 751 943 de
775 881 889 942 Marco
914 880 1057 944 Antonio
1078 880 1167 944 dicit.
1213 879 1278 944 Sed

241 987 313 1116 ξω
328 979 456 1051 recepta
469 965 510 1028 esl
525 964 608 1027 allio
623 963 730 1060 paullo
744 963 904 1050 agitatior,
918 965 976 1026 etl’
991 964 1141 1052 exigitur,
1156 977 1189 1028 et
1204 965 1277 1052 qui·

275 1048 382 1114 usdam
408 1049 549 1135 partibus
575 1062 745 1114 convenit:
783 1048 829 1112 ita
856 1059 963 1112 tamen
988 1049 1202 1134 temperanda,
1229 1069 1286 1126 ne,
1377 1077 1381 1090 ·

249 1133 328 1198 dum
350 1133 464 1198 asturis
486 1149 649 1218 captamus
671 1133 875 1222 elegantiam,
890 1132 1057 1220 perdamus
1076 1134 1134 1200 viri
1154 1135 1280 1214 boniet

250 1218 356 1308 gravis
374 1219 605 1292 auetoritatem.
945 1238 949 1244 ·
1123 1231 1125 1238 '

556 1315 559 1342 l

163 1455 166 1460 ,
286 1409 298 1435 ⁸
317 1404 450 1451 innitiosam
463 1404 493 1450 G.
511 1404 633 1452 moeosam
650 1401 666 1450 i.
678 1421 697 1454 e.
713 1403 803 1462 μωκώδη
817 1420 846 1466 ge
864 1401 1001 1454 iculatnrim
1017 1402 1062 1465 legi
1076 1401 1129 1452 uult
1143 1401 1238 1468 Salmqfi
1249 1403 1283 1466 ad

255 1467 347 1517 Trebell,
359 1467 452 1516 Pullion.
466 1467 565 1516 Gallim.
577 1487 596 1515 c.
609 1470 632 1516 8.
648 1469 779 1528 injocosam
792 1467 848 1534 Voffi
862 1483 872 1516 1
886 1479 907 1514 et
917 1483 940 1529 3.
1005 1465 1016 1500 θ
1034 1470 1108 1538 etiam
1118 1469 1182 1516 lens.

255 1638 307 1682 tum
323 1629 494 1700 venustatem!
517 1629 544 1682 in
560 1648 604 1699 quo
621 1646 674 1680 cum
688 1626 747 1696 effe·
830 1632 889 1692 184.
898 1630 978 1699 supra
989 1645 1021 1680 ex
1032 1627 1140 1692 oratore]
1158 1627 1279 1699 Respicit,

256 1699 327 1759 ceris,
341 1716 370 1749 ne
387 1699 445 1768 quid
459 1699 573 1768 ineptum,
586 1707 629 1750 aut
645 1699 745 1750 vultuo-
793 1709 865 1766 puto,
875 1697 894 1750 s.
910 1716 969 1748 122.
991 1699 1020 1749 ln
1034 1697 1114 1750 Bruto
1125 1699 1154 1748 de
1167 1699 1208 1748 M.
1221 1700 1281 1750 An-

248 1765 344 1839 sumsit
356 1769 403 1820 διε.
777 1811 779 1816 .
793 1770 862 1817 tonio
874 1785 897 1818 c.
912 1771 955 1832 38,
973 1767 1057 1836 Gestar
1072 1776 1128 1817 erat
1139 1784 1185 1817 non
1196 1767 1279 1819 verba

294 1844 353 1902 183.
370 1835 505 1908 inotiosam]
520 1835 629 1900 Ἀσχολον
639 1847 663 1887 et
679 1847 746 1886 nonu-
793 1835 940 1904 exprimens‚
948 1838 997 1906 sed
1013 1853 1066 1886 cum
1077 1836 1205 1906 sententiis
1226 1853 1281 1887 con·

230 1963 233 1968 ,
257 1909 353 1973 ἄσχολον
369 1906 415 1958 hoc
428 1906 590 1958 sensudicunt
604 1907 688 1958 Graeci
702 1923 747 1974 pro
791 1921 901 1972 gmens:
934 1915 1029 1966 manas,
1057 1903 1159 1966 humeri,
1186 1905 1281 1974 latera,

258 1976 334 2027 nimis
343 1977 466 2044 negotioso
477 1978 592 2028 inrenon
604 1973 746 2040 necessaria3
786 1974 901 2044 fhpplofio
915 1975 994 2044 pedis,
1002 1973 1092 2041 status,
1108 1971 1212 2042 inceffus,
1230 1991 1280 2024 om-

259 2046 322 2098 utin
334 2045 502 2116 Philopatride
513 2046 638 2096 Lucianeo
647 2045 691 2095 sub
703 2043 747 2094 fin.
795 2043 875 2113 nisque
885 2054 970 2104 motus,
982 2059 1034 2095 cum
1051 2041 1137 2096 verbis
1144 2041 1282 2120 sententiis·

191 2129 192 2132 ’
259 2117 448 2179 ἧπολυάῐχολος
467 2115 619 2176 μαθηματικὴ
639 2114 750 2184 ponitur,
796 2113 1001 2186 quecottsenllens.

208 2229 211 2232 .
260 2179 575 2255 dedivinarortisartibun
