3026 4930
215 439 223 446 -
253 427 309 486 132
469 407 516 472 M.
537 389 662 466 rann
685 405 1032 470 numeruntur
1088 419 1090 426 ·

252 583 286 639 at
309 593 351 638 ue
364 593 467 636 rarum
485 569 662 637 laetioribus
676 571 818 637 numeris
832 569 1102 658 corrumpendum
1118 583 1197 637 erat.
1213 573 1289 638 Per-

252 595 378 724 didisset
400 657 486 720 enim
509 657 657 754 gratiam,
674 681 748 745 quae
764 657 795 720 in
816 669 882 722 eom
908 658 1047 724 maxima
1069 659 1124 736 esi,
1139 658 1290 746 simplicis

251 755 349 844 atque
362 740 550 807 inaffectatn
563 743 698 807 coloris:
739 741 897 808 crdidisset
912 743 1008 810 fidem
1023 765 1166 842 quoquc.
1182 745 1290 810 Nam·

249 828 408 894 scribebat
426 827 509 907 aliis,
528 851 593 894 non
618 829 626 891 i
652 829 680 894 sc
709 767 857 908 ‹licebat3
885 841 921 894 ut
946 843 1125 916 oportuerrt
1148 829 1210 896 effe
1233 831 1290 896 illa
1353 861 1356 866 ¹

251 913 386 980 rudibus
412 927 445 978 et
468 851 684 1002 incornposlis
707 914 838 980 srmilia:
867 913 955 1000 quod
981 914 1107 1002 ipsum!¹
1130 917 1288 1016 eompqfitio

251 999 305 1064 est.
350 1001 415 1064 Etq
445 999 580 1066 hiroriae
614 1004 702 1086 (quae
729 1022 854 1064 currere
878 999 976 1066 debet
1002 999 1152 1082 ecferri)
1180 1023 1287 1066 minus
1303 1001 1342 1066 18

251 1085 468 1150 convenissent
487 1086 730 1150 intersistentes*
752 1084 911 1162 clausulae,
927 1098 961 1150 et
982 1085 1090 1150 debita
1108 1087 1288 1152 actionibus

250 1170 423 1257 respiratio,
440 1185 474 1236 et
494 1171 646 1236 cludendi
661 1169 900 1254 inchoandique
920 1170 1090 1236 sententias
1111 1172 1203 1256 ratic.
1250 1175 1287 1237 ln

251 1255 463 1322 concionibus
503 1257 611 1321 uidem
634 1255 732 1318 etiam
754 1253 896 1318 fimiliter
917 1255 1064 1320 cadentia
1077 1257 1239 1343 quaedam,
1254 1274 1290 1322 et
1335 1275 1340 1284 ·

251 1343 462 1428 contraposita
475 1280 705 1426 deprehendas.
750 1340 788 1401 In
805 1338 974 1403 Herodoto
994 1363 1069 1404 vero
1088 1363 1162 1405 cum
1179 1346 1290 1408 omnia
1304 1365 1342 1433 19

254 1430 306 1510 (ut
325 1449 388 1514 ego
406 1427 536 1512 quidem
558 1423 671 1506 sentio)
694 1423 807 1488 leniter
829 1425 946 1502 fluunt,
962 1437 1033 1489 tum
1056 1425 1122 1509 ipsa
1143 1426 1288 1499 διάλεκτος

250 1510 350 1576 habet
375 1521 465 1574 eam·
488 1509 741 1597 jucunditatem,
769 1521 806 1573 ut
832 1507 969 1572 latentes
992 1509 1111 1573 etiam⁸
1136 1531 1320 1578 numeros·

251 1618 323 1659 com
348 1595 419 1660 lexa
433 1594 589 1660 videatur.
633 1594 697 1659 Sed
711 1593 753 1659 de
774 1595 1005 1682 propositorum
1028 1594 1205 1659 diversitate
1221 1598 1289 1682 post
1375 1654 1378 1660 .

270 1619 407 1754 anisum.
452 1683 485 1745 N
491 1701 565 1758 unc,
582 1702 656 1765 quae
675 1680 762 1766 prius
784 1681 834 1759 iis,
851 1680 907 1767 qui
922 1680 1008 1745 redte
1022 1701 1214 1768 componere
1229 1703 1287 1744 vo-

249 1703 331 1841 lent,
359 1765 532 1834 discendau
558 1765 628 1829 fint.
673 1766 726 1830 Est
757 1765 856 1853 igitur
880 1778 954 1829 ante
979 1766 1089 1830 omnia
1111 1766 1204 1830 oratio
1226 1765 1290 1832 alia

249 1852 355 1916 vincla
366 1862 391 1930 ¹,
406 1865 503 1937 atque
522 1863 677 1915 contexta:
690 1851 797 1950 splzctc
818 1851 893 1932 alia,
907 1850 1011 1937 qualis
1034 1851 1067 1914 in
1090 1852 1234 1916 sannone
1255 1864 1291 1918 ct

250 1935 409 2024 epistolis:
434 1938 488 2000 nisr
512 1959 587 2001 curn
606 1936 729 2022 aliquid
751 1937 842 2023 supra
863 1950 1008 2002 naturam
1029 1937 1116 2000 suam
1139 1937 1288 2019 tractant,

250 2035 288 2086 ut
303 2023 339 2084 de
356 2021 551 2110 philosophia,
567 2023 605 2084 de
621 2022 784 2170 rpublica,
801 2021 1015 2108 fimilibusque
1028 2035 1054 2088 ¹.
1100 2022 1201 2088 Quod
1224 2045 1289 2088 non
1303 2043 1344 2094 20

250 2107 390 2188 ecdico,
405 2110 482 2194 quia
497 2131 560 2172 non
575 2107 635 2172 illu
671 2130 802 2194 quoque
816 2109 956 2172 solutum
971 2107 1086 2173 babeat
1101 2108 1173 2172 suos
1191 2110 1289 2194 quos·

251 2193 341 2273 dam,
357 2207 391 2260 et
404 2193 530 2260 forstan
547 2193 740 2258 difficiliores
756 2194 852 2258 etiam
869 2194 987 2280 pedes:
1011 2193 1217 2280 nequeenim
1234 2209 1292 2262 aut

250 2277 339 2342 hiare
366 2280 488 2366 semper
514 2278 690 2356 vocalibus,
716 2289 773 2342 aut
798 2279 924 2342 destitui
951 2278 1151 2365 temporibus
1177 2278 1291 2345 volunt

250 2364 354 2428 sermo
368 2377 401 2429 et
416 2365 565 2451 epistola:
591 2363 642 2428 scd
664 2385 726 2428 non
744 2365 861 2442 fluunt,
878 2385 937 2428 nec
951 2362 1127 2442 cohaerent,
1142 2384 1203 2428 nec
1218 2387 1289 2428 ver·

251 2449 293 2512 ba
308 2449 370 2514 de²
391 2449 497 2513 verbis
514 2449 666 2527 trahunt3
692 2461 730 2512 ut
752 2449 860 2535 potius
883 2448 1004 2512 laxiora
1025 2447 1059 2512 in
1082 2447 1132 2513 his
1148 2449 1289 2529 vincula,

251 2556 348 2633 quarn
366 2535 456 2598 nulla
469 2536 538 2600 smt.
582 2537 838 2622 Nonnumquam
861 2533 893 2597 in
911 2534 1021 2598 cauffis
1058 2556 1167 2621 uuque
1182 2534 1288 2601 mino·
1304 2552 1342 2606 21

251 2621 340 2695 ribus
363 2620 457 2685 decet
472 2621 581 2694 eadem
598 2619 793 2708 fimplicitas,
810 2643 883 2706 quae
905 2642 969 2684 nou
988 2556 1123 2708 nullisb,
1144 2619 1197 2684 sed
1220 2621 1291 2686 aliis

252 2705 354 2770 utitur
377 2707 529 2786 numeris,
549 2707 785 2792 dissimulatque
810 2728 878 2785 eos,
900 2718 934 2770 et
956 2718 1083 2771 tantum
1110 2706 1292 2772 communit

252 2790 425 2870 occultius.
469 2792 517 2856 At
545 2792 601 2856 illa
629 2813 774 2855 connexa
801 2791 894 2856 series
924 2803 989 2856 tres
1019 2789 1118 2855 habet
1146 2789 1345 2863 formaszaa

253 2876 361 2962 Incisa,
377 2878 449 2962 quae
463 2878 600 2959 κόμματα
615 2874 784 2939 dicuntur:
802 2875 956 2952 Membra,
972 2898 1046 2962 quae
1067 2875 1150 2936 κῶλα
1163 2901 1170 2939 :
1188 2891 1222 2942 et
1236 2886 1291 2940 aaa·

252 2960 349 3041 pierii,
363 2984 436 3046 quae
451 2961 493 3024 est
509 2960 559 3024 vel
576 2961 715 3040 ambitus,
731 2960 783 3024 vel
806 2960 1047 3038 circumdullum,
1062 2960 1113 3024 vel
1135 2962 1291 3025 continuo-

253 3043 305 3128 lio,
321 3045 369 3108 vel
392 3045 491 3109 conclu
504 3069 542 3110 ro.
589 3047 626 3108 ln
649 3045 738 3110 omni
761 3065 853 3130 porro
876 3045 1106 3130 compositione
1125 3043 1186 3108 tria
1198 3046 1291 3109 sunt‘

176 3208 179 3214 .
253 3129 430 3208 necessaria,
447 3130 528 3207 ordo,
537 3130 696 3216 junctura,
713 3151 863 3194 numerus.
910 3129 1051 3192 Primum
1073 3127 1175 3213 igitur
1190 3131 1226 3192 de
1242 3153 1291 3193 or·

254 3215 334 3279 dine.
378 3215 456 3302 Ejus
478 3215 653 3279 observatio
674 3215 707 3278 in
729 3214 834 3280 verbis
855 3213 899 3290 est
913 3211 1055 3301 singulis,
1071 3226 1104 3275 et
1118 3215 1344 3302 contextis.‘'23

287 3438 310 3466 m
326 3429 399 3476 etiam
412 3429 452 3493 f'fi
462 3430 493 3478 G.
559 3435 571 3460 ¹¹
587 3427 693 3476 rnaffeeu
705 3429 769 3477 Jens.
834 3433 846 3456 ⁰
865 3427 913 3489 ipse
923 3426 965 3490 iuss
976 3427 1008 3475 id.
1073 3434 1085 3468 Ρ
1101 3427 1177 3489 ipsam
1192 3442 1293 3492 compo-

255 3488 376 3540 srtionem.
395 3493 424 3540 Et
436 3495 466 3541 G.
548 3501 566 3547 β
585 3511 626 3541 om.
637 3495 702 3541 lens.
784 3497 794 3526 ἲ
811 3491 942 3540 inruentes
954 3494 986 3540 G.
996 3492 1059 3540 lens.
1072 3494 1130 3558 qupd
1136 3493 1216 3555 probat
1228 3495 1291 3540 Liel.

256 3568 265 3593 ⁸
283 3559 357 3605 etiam
370 3559 410 3604 ild.
501 3559 508 3586 ¹
528 3557 553 3604 in
564 3557 605 3606 ild.
704 3565 715 3588 ¹¹
735 3553 837 3604 dicenda
848 3558 902 3604 sunt
912 3557 976 3604 lens.
993 3559 1100 3619 Pqsterr'us
1113 3564 1175 3610 relic.
1187 3559 1298 3618 arbitror..

173 3626 180 3634 “
257 3627 269 3653 ¹
285 3621 371 3682 juncia
381 3622 444 3671 lens.
457 3621 480 3668 in
492 3622 523 3668 G.
535 3639 575 3670 non
583 3611 652 3684 polss
663 3622 764 3686 dfiernr',
772 3621 857 3680 juncia
868 3639 898 3668 an
908 3621 1048 3684 vindlufil?
1146 3630 1156 3653 ‘⁴
1176 3617 1293 3670 similibus

256 3687 320 3735 lens.
419 3696 490 3736 δοκι.
503 3687 534 3733 G.
619 3688 629 3716 ¹¹
648 3687 687 3733 Sic
700 3688 727 3734 V.
742 3685 1293 3749 C.Asmel.‹teratiralegendumeonrraomnrs
1381 3701 1387 3710 ’

256 3751 331 3800 libros.
397 3757 407 3782 ⁶
427 3767 513 3815 genera
524 3751 565 3815 iqf.
575 3751 588 3798 J
590 3751 638 3804 ens.
645 3760 688 3813 pro
699 3752 826 3800 necessaria
831 3751 896 3813 pouit
907 3752 938 3798 G.

293 3962 338 3997 ιο.
350 3943 444 4016 destitui
453 3943 609 4015 temporibus]
624 3943 750 4016 Intellige,
787 4007 791 4016 Ι
834 3945 896 3999 ssunt
908 3943 1009 4007 muniri,
1021 3943 1036 3997 si
1052 3943 1219 4000 fundamentis
1231 3966 1244 4000 e
1257 3947 1293 3999 so-

256 4013 375 4068 brevibus
398 4015 527 4086 longisque
550 4017 614 4087 inter
634 4016 656 4067 se
676 4015 751 4068 alter-
800 3965 852 4068 lioo
870 4015 949 4086 lapide
961 4013 1110 4086 profundius
1127 4017 1201 4081 jactis
1220 4034 1295 4070 arena

255 4086 388 4138 nantibus.
800 4085 839 4141 vel
860 4085 943 4156 glarea
961 4087 1094 4150 injiciatur,
1107 4103 1165 4155 quae
1183 4104 1240 4138 cum
1257 4101 1294 4138 te·

296 4174 340 4206 21.
367 4153 495 4205 communit
514 4153 639 4221 occultius]
666 4155 752 4207 Meta·
800 4173 866 4208 mere
888 4157 1002 4208 videatur
1022 4155 1104 4221 jacere
1122 4155 1160 4208 vel
1182 4157 1218 4209 ibi
1237 4172 1296 4210 nata

238 4223 361 4295 'phoram
380 4221 450 4276 inesse
471 4223 530 4275 huic
552 4227 626 4277 verbo
645 4225 752 4277 arbitror
800 4225 854 4286 elle,
871 4225 970 4277 cursum
989 4222 1089 4278 facilem
1109 4237 1133 4280 et
1151 4225 1302 4288 inoffensum,

257 4295 359 4348 duliam
379 4309 394 4344 a
414 4292 473 4354 viis,
488 4311 544 4364 quae
562 4295 638 4346 etiarn
655 4295 752 4348 occulte
801 4293 898 4366 praestat
910 4293 1041 4348 vehiculis.
1289 4297 1291 4301 ’
