3014 4918
230 379 290 456 29⁶
464 375 511 437 ur.
531 337 654 436 rann
675 372 1025 475 numeramur

229 537 388 626 parasitos,
416 538 560 618 lenones,
589 550 624 604 et
650 538 759 604 omnia
789 537 957 626 agitatiora
986 535 1112 604 melius.
1158 537 1261 604 ruite

231 625 318 689 enim
334 639 446 688 natura
462 619 591 696 diversa.
635 628 721 690 Nam
738 647 799 688 vox
819 647 947 712 quoque
965 624 1123 688 Demetrii
1139 625 1324 723 jucun-172.

232 710 314 787 dior,
338 710 424 772 illius
446 710 547 773 acrior
571 721 650 774 erat.
693 708 896 772 Annotandae
920 709 1023 794 magis
1044 707 1262 796 proprietatem

234 816 307 880 quae
322 795 479 858 transferri
496 809 560 858 non
577 807 734 892 poterant,
750 815 862 858 manus
877 793 1009 880 jactare,
1023 803 1056 858 et
1077 794 1186 858 dulces
1207 795 1263 860 exss

233 879 440 960 clamationes
476 879 590 946 theatri
619 879 746 944 caullat
778 879 963 964 producere,
992 891 1025 942 et
1053 878 1264 966 ingrediendo

234 979 367 1028 ventum
392 965 557 1050 concipere
583 967 675 1043 vesle,
692 977 726 1028 et
745 963 1145 1050 nonnumquam'dextro'r
1168 965 1266 1028 latere

235 1047 338 1112 facere
365 1051 491 1136 gestus:
515 1050 602 1135 quod
625 1050 787 1113 neminem
812 1048 909 1113 alium
928 1061 1042 1134 praeter
1063 1049 1267 1114 Demetrium

236 1133 368 1198 decuit:
393 1157 530 1220 namque
549 1135 582 1198 in
605 1135 675 1198 haec
695 1133 802 1198 omnia
823 1135 935 1197 statura
948 1145 982 1198 et
997 1133 1077 1198 mira
1090 1133 1194 1220 specie
1209 1133 1266 1196 ad-

231 1217 439 1305 juvabatur-¹.
484 1219 580 1282 Illum
601 1218 719 1297 cursus,
735 1231 769 1282 et
790 1217 928 1304 agilitas,
944 1227 977 1282 et
997 1219 1046 1281 vel
1063 1241 1173 1304 parum
1188 1241 1265 1283 con·
1281 1231 1325 1283 rso

238 1303 368 1368 veniens
384 1305 522 1390 personae
542 1304 631 1380 risus,
649 1307 757 1388 (quem
774 1324 837 1366 non
860 1301 989 1390 ignarus
1003 1303 1133 1378 rationis
1193 1304 1269 1390 pulo

240 1388 349 1470 dabat)
374 1402 407 1452 et
429 1390 590 1453 contracta
611 1388 708 1452 etiam
734 1386 922 1452 cervicula¹.
967 1387 1136 1473 Quidquid
1178 1397 1271 1470 orum

240 1473 321 1538 alter
335 1473 465 1552 fecisset,
480 1473 682 1542 foedissimum
699 1472 868 1554 videretur.
913 1473 1022 1540 Quare
1036 1473 1120 1536 norit
1134 1471 1163 1538 se
1183 1473 1270 1560 quis-

241 1579 317 1643 que,
333 1579 393 1622 uec
410 1570 534 1621 tantum
557 1579 597 1621 ex
610 1557 834 1621 communibus
849 1557 1028 1644 praeceptis,
1041 1557 1094 1628 sed
1114 1557 1211 1622 etiam
1231 1579 1271 1622 ex

241 1654 363 1705 natura·
378 1641 432 1706 sna
455 1663 491 1706 ca
514 1641 559 1706 iat
581 1641 742 1726 confilium
767 1639 941 1716 formandae
965 1642 1111 1728 astionis„
1154 1643 1271 1728 Neque
1285 1659 1325 1711 181

241 1725 325 1790 illud
339 1739 446 1790 tamen
461 1663 512 1791 esiJ
525 1719 623 1808 nefas,
639 1735 694 1790 utt
717 1726 856 1814 aliquem
879 1727 930 1790 νε]
952 1725 1059 1790 omnia
1072 1727 1122 1791 vel
1136 1727 1273 1812 plurima

243 1809 414 1875 deceantr.
458 1810 566 1898 Hujus
588 1814 717 1898 quoque
735 1811 799 1898 loci
814 1809 951 1877 clausula
965 1811 1001 1876 srt
1014 1811 1138 1909 eadepi,
1153 1811 1274 1876 necesse

244 1897 299 1975 est,
315 1907 388 1982 quae
407 1908 588 1979 'ceterorum
614 1897 667 1974 est,
687 1917 819 1984 regnare
843 1891 982 1982 maxime
1006 1896 1151 1960 modum.
1195 1899 1274 1992 Noq

245 1981 332 2044 enim
347 1980 531 2044 comoedum
545 1981 617 2060 esse,
631 1977 684 2044 sed
698 1993 855 2060 oratorem
868 1981 953 2046 volu.
999 1981 1107 2054 Quare
1122 2003 1226 2068 neque
1236 1981 1274 2044 'in
1353 2007 1355 2011 ·

245 2067 335 2151 gestu
351 2065 571 2152 persequemur
588 2086 699 2130 omnes
720 2065 873 2152 argutiae,
890 2088 949 2128 nec
970 2064 1003 2129 in
1028 2066 1190 2152 loquendo
1213 2065 1275 2134 dis-

245 2149 465 2229 tinttionibus,
484 2162 549 2214 tem
573 2150 692 2229 oribus,
712 2149 956 2227 assessionibusf
982 2151 1111 2230 moleste
1135 2151 1274 2219 uteuu'tr.¹

246 2171 738 2317 Utsrfitinscenaclicendum,
876 2227 880 2245 ¹
1000 2231 1003 2249 ⁶
1064 2231 1106 2251 ’“
1154 2252 1200 2261 ·“
1288 2251 1333 2320 rea

377 2352 459 2439 Quid
471 2352 565 2438 igitur
567 2351 689 2436 faciam
701 2353 720 2416 ?
739 2376 798 2438 nou
811 2376 885 2436 eam,
901 2375 938 2431 ae
951 2376 1028 2432 nunc
1042 2351 1170 2438 quidem,
1227 2341 1228 2346 ἵ
1294 2341 1296 2345 ’

378 2430 451 2501 Cum
463 2433 587 2523 arteſjor
600 2435 707 2501 ultro?
729 2462 770 2500 au
781 2437 877 2524 potius
891 2437 935 2499 ita
950 2461 993 2499 me
1007 2451 1178 2525 comparem,

289 2531 294 2552 ¹
376 2523 446 2586 Non
458 2522 569 2609 perpeti
582 2522 762 2585 meretricum
778 2521 994 2585 contumelias?

250 2654 444 2742 Hio'enimt
458 2653 665 2720 dubitationis
680 2675 796 2736 moras,
812 2653 898 2718 vocis
912 2655 1025 2738 flexus,
1040 2653 1139 2722 varias
1153 2677 1280 2736 manue,

218 2799 220 2803 ,
251 2739 387 2804 diversos
412 2748 510 2804 nutus
533 2740 620 2804 attor
641 2739 822 2804 adhibebit
862 2739 963 2810 Aliud
985 2741 1087 2805 oratio
1109 2741 1197 2827 sapit,
1221 2745 1281 2806 neti

252 2824 323 2892 vult
343 2825 479 2888 nimium
500 2824 560 2888 esse
583 2823 711 2888 condita
723 2835 747 2887 ².
788 2825 930 2887 ¹Actione
952 2824 1038 2888 enim
1062 2829 1193 2905 constat,
1216 2848 1281 2894 uon

253 2909 444 2974 imitatione.
487 2910 596 2975 Quare
615 2929 679 2971 non
698 2909 859 2980 immerito
877 2909 1116 2992 reprehenditur
1138 2927 1339 2997 pronun-183

253 2994 344 3066 tiatio
360 2993 514 3074 vultuosa,
530 3005 563 3057 et
581 2992 874 3082 gesticulationibus
896 2993 1037 3084 molesta,
1050 3003 1088 3061 ot'
1100 2995 1188 3062 vocis
1208 3017 1282 3061 mu·
1329 2995 1338 3047 -'

288 3233 300 3257 ⁰
318 3227 381 3292 siunt
392 3228 423 3292 G.
518 3236 531 3270 P
545 3243 599 3278 eam
610 3228 674 3290 Jens.
770 3239 782 3278 ν
799 3229 882 3298 ‹sextra
891 3231 954 3280 Jens.
1052 3235 1061 3260 r
1080 3227 1240 3278 admirabatur
1251 3229 1283 3280 G.

255 3293 406 3340 'cervicalia
417 3293 450 3341 G.
523 3293 537 3324 ’ἵ
554 3293 591 3341 νε]
604 3295 634 3340 G.
662 3293 663 3300 ’
715 3299 728 3324 ¹¹
747 3295 926 3345 deceutlens.'
952 3311 955 3325 =·
991 3293 1285 3350 *affectationibusteat

252 3354 268 3407 ,¹
285 3355 449 3422 cuiuscun-
508 3356 691 3406 zeondiuait.
786 3361 791 3371 ⁴
819 3375 829 3386 *¹
902 3383 905 3391 ι
1226 3371 1277 3390 ==1·'

286 3555 356 3606 ¹179.
387 3549 491 3592 ventum
517 3536 638 3607 concipere
665 3537 744 3607 atqle]
832 3543 893 3590 181.
925 3538 1077 3610 temporibus,
1106 3537 1285 3608 effettienibus]

259 3609 405 3677 Opportune
425 3609 466 3660 hic
485 3608 607 3676 adscripsit
625 3607 747 3659 Burman-
796 3605 916 3676 ‘Tempora
936 3609 1047 3678 intelligo
1063 3624 1145 3660 moras
1159 3620 1187 3658 'et
1210 3610 1285 3660 interss

258 3693 307 3728 nus
321 3680 397 3734 orid,
411 3680 473 3732 Art.
489 3695 513 3741 3,
528 3695 588 3741 301,
732 3705 734 3708 ·
774 3729 777 3734 ,
797 3677 871 3729 valla.
890 3689 891 3696 ¹
908 3677 1050 3744 Affectiones
1062 3689 1145 3728 aurem
1157 3677 1221 3745 ipsae
1232 3677 1286 3728 ani»

295 3747 358 3798 Haec
374 3757 457 3799 movet
472 3757 527 3798 arte
536 3745 609 3808 latus,
621 3745 750 3817 tunicisque
797 3748 833 3796 mi
855 3751 1005 3798 mutationes
1027 3749 1054 3798 in
1076 3753 1198 3814 quantum
1214 3745 1287 3800 flexu

296 3826 298 3831 ’
322 3815 456 3882 fluentibus
466 3833 544 3865 aurns
576 3841 579 3846 >
626 3807 632 3824 '¹
694 3861 695 3866 ,
739 3839 741 3845 ·
799 3817 867 3866 vocis
889 3815 1006 3868 declarari
1026 3814 1210 3886 quodammodo
1232 3815 1287 3884 pos·

297 3884 521 3954 acceptamus
529 3883 632 3953 fertque
641 3881 751 3954 strperba
797 3884 864 3934 sunt.
926 3911 927 3914 =
1003 3901 1033 3916 ··
1150 3903 1152 3910 ·

267 4011 269 4017 Ι
328 3957 410 4020 pedes.
585 3957 588 3961 “
729 3970 737 3981 ·’
837 3957 896 4017 183.
922 3952 1049 4021 vultuosa]
1078 3953 1109 4003 In
1132 3968 1183 4019 qua
1202 3950 1289 4015 vultus

301 4027 360 4075 181.
380 4019 582 4093 Neque-nefas]
601 4021 644 4070 H:
656 4037 679 4072 e.
702 4036 751 4074 non
800 4022 874 4073 nimis
886 4035 994 4090 ‘magnae
1013 4023 1068 4072 sunt
1085 4033 1177 4090 parter,
1188 4033 1220 4072 ut
1237 4021 1289 4073 cla'-

263 4085 296 4142 est
308 4091 332 4139 ἐκ
343 4095 506 4150 amatorium,
518 4105 565 4142 non
582 4089 678 4158 superat
689 4091 752 4140 vires
800 4092 876 4159 mosus
893 4091 935 4148 esl,
955 4092 999 4158 qui
1017 4090 1092 4142 nimis
1112 4091 1213 4142 clamat.
1250 4092 1291 4149 Sic

263 4159 456 4212 naturaeetvim
473 4158 581 4229 ingenii,
599 4159 652 4212 vid.
665 4159 697 4210 ad
711 4177 753 4223 10,
802 4162 876 4214 etiam
903 4159 959 4210 Cic.
985 4161 1088 4210 Oratore
1110 4163 1151 4220 18,
1173 4158 1292 4212 Vultus-4

264 4235 290 4290 t,
304 4245 331 4294 5.
578 4267 581 4276 ,
694 4259 720 4264 --
750 4267 752 4270 -
802 4231 921 4297 quantam
949 4225 1025 4294 affert
1059 4238 1112 4282 tum
1136 4227 1292 4297 dignitatem,
