3014 4918
244 403 303 462 3¹0
462 382 509 444 Μ.
528 381 653 447 eamr
674 379 998 456 rattruut-turm

244 495 353 619 *omnis
377 545 500 616 honesti
515 547 657 634 julliqpe
677 545 838 634 disciplina
858 542 1094 632 pertrattartda,
1120 543 1183 628 stne
1203 564 1305 700 ᾖυέᾳ

1241 654 1252 692 l

249 655 344 696 nemo
360 653 418 696 nec
435 633 482 696 vir
496 631 599 702 bonus
614 629 685 708 elle,
703 655 761 698 nec
775 626 914 716 dicandi¹
941 629 1037 695 eritus
1052 626 1162 714 potest.

250 717 333 798 fotte
358 718 544 790 accedamus
567 715 618 796 iis,
642 712 699 802 qui
720 729 832 794 natura
851 737 910 780 con
969 707 1274 797 emereaetnihil

251 798 392 890 adjuvari
416 799 577 888 disciplina
600 815 730 886 putant:
761 797 892 878 scilieet,
916 812 953 862 ut
977 822 1013 872 ea
1037 795 1178 884 quidem,
1203 821 1276 884 quae

135 903 138 914 ¹
233 909 350 960 manu
366 885 457 964 finnt,
472 901 567 970 atque
589 908 697 951 eorum
717 882 815 948 etiam
837 884 1088 964 contemtiffinra,
1104 872 1275 955 confitean-

251 985 305 1037 tur
328 993 421 1056 egere
442 971 645 1045 dodoribua:
677 969 934 1046 virtutemvero,
957 991 1020 1052 qua
1042 963 1121 1032 nihil
1142 965 1277 1049 bomini,

252 1077 318 1141 quo
341 1054 382 1118 ad
408 1054 484 1118 deos
507 1053 701 1121 immortales
724 1053 852 1140 propius
877 1051 1075 1130 accederetss,
1091 1051 1199 1118 datum
1222 1053 1277 1130 esl,

252 1138 381 1207 obviam
395 1152 428 1203 et
448 1139 657 1217 illaboratam,
672 1154 796 1204 tautum
816 1139 891 1224 quia
912 1138 977 1202 nati
1022 1136 1146 1212 srmus¹‚
1160 1131 1278 1205 habeti·

194 1259 199 1266 1
254 1244 340 1302 mue.
382 1225 552 1290 Abstineas
567 1229 639 1302 erit,
654 1223 709 1310 qui
729 1223 782 1288 id¹
805 1221 918 1308 ipsum,
934 1219 1012 1317 quld
1035 1219 1070 1284 stt
1084 1219 1278 1303 abstinentia,
1289 1239 1311 1306 3Ι

254 1307 408 1407 ignorarit
418 1311 461 1376 tt¹?
487 1311 528 1374 Et
543 1307 643 1387 fortis,
660 1307 715 1394 qui
731 1322 834 1372 metus
855 1305 984 1381 doloris,
1000 1305 1124 1384 mortis,
1138 1303 1279 1391 supersti-
1307 1312 1310 1320 ⁴

254 1394 364 1468 tinnit,
379 1391 467 1457 nulla
485 1393 608 1456 ratione
628 1392 833 1478 purgaverit?
858 1392 900 1456 Et
915 1389 1028 1476 justus,
1042 1391 1099 1476 qui
1116 1389 1198 1475 aequi
1221 1391 1280 1476 b⁰.·

255 1479 355 1566 nique
371 1478 550 1556 trattatum,
567 1477 623 1575 qui
638 1475 738 1562 leges,
753 1500 823 1562 quae
839 1487 949 1543 natura
969 1475 1040 1540 sunt
1057 1476 1205 1540 omnibus
1222 1474 1281 1540 da·

255 1574 309 1646 tae,
325 1584 459 1646 quaeque
483 1583 614 1648 propnae
639 1561 763 1646 populis
785 1576 818 1624 et
840 1559 991 1647 gentibus
1013 1559 1200 1638 constitutae,
1219 1581 1284 1642 nou

256 1647 427 1716 eruditiore
437 1659 450 1685 ¹¹
470 1645 576 1732 aliquo
592 1647 732 1712 sermone
746 1643 945 1710 tranaverit?
972 1645 1003 1708 Ο
1019 1667 1113 1729 quam
1130 1643 1210 1708 istud
1226 1667 1282 1730 pa-

256 1727 327 1811 rum
345 1745 468 1816 putant,
484 1731 600 1816 quibus
614 1743 701 1794 tam⁰
716 1731 807 1794 facile
824 1729 967 1794 videtur!
992 1727 1055 1792 Sed
1070 1726 1133 1794 hoc
1149 1731 1316 1814 transeo‚4

257 1815 299 1880 de
321 1838 385 1904 quo
408 1815 582 1893 neminem,
605 1815 661 1902 qui
682 1815 786 1880 literas
808 1813 858 1880 vel
880 1815 1001 1898 primis,
1016 1829 1053 1878 ut
1073 1814 1175 1894 aiunt,
1191 1813 1285 1886 labris
1307 1885 1309 1892 Α

257 1899 444 1988 degustant,
458 1901 678 1966 dubitaturum
700 1916 797 1986 puto:
823 1899 862 1962 ad
884 1897 964 1962 illud
986 1899 1116 1986 sequens
1138 1912 1286 1978 revertar,

257 1979 300 2050 ne
322 1984 449 2050 dicendi
471 1985 599 2069 quidem
622 1985 693 2048 satis
715 1985 852 2072 peritum
875 1982 952 2062 sore,
968 1983 1023 2068 qui
1039 2005 1102 2048 non
1118 1996 1151 2046 et
1166 1997 1288 2052 naturae

258 2069 323 2134 vim
340 2092 466 2133 omnem
483 2070 609 2154 penitus
624 2070 823 2156 perspexerit,
838 2082 871 2132 et
885 2091 988 2132 mores
1003 2068 1169 2155 praeceptis
1183 2089 1221 2134 ac
1234 2091 1285 2154 ray

259 2155 348 2219 tione
362 2153 515 2218 formarit.
559 2155 674 2239 Neque
695 2155 780 2220 enim
801 2153 909 2218 frustra
928 2153 1067 2216 intortio
1089 2151 1130 2218 de
1151 2151 1316 2236 Oratote5

259 2239 344 2316 libro
369 2241 408 2306 L.
425 2239 548 2304 Crassus
572 2240 699 2318 cuneta,
719 2262 795 2326 quae
816 2239 852 2300 de
875 2263 969 2324 aequo,
985 2235 1076 2324 justq
1099 2261 1180 2313 vero,
1203 2238 1285 2318 bono,

260 2323 365 2410 deque
379 2321 442 2398 iis,
458 2346 529 2407 quae
554 2323 625 2387 sunt
648 2339 759 2388 contra
780 2325 888 2409 pofita,
908 2321 1071 2408 dicuntur,
1087 2321 1209 2406 propria
1227 2321 1289 2404 esse,

259 2408 393 2474 oratoris
408 2408 562 2472 affirmat:
586 2430 623 2472 ac
644 2406 946 2494 philosophoucum
969 2429 1005 2468 ea
1019 2404 1145 2490 dicendi
1167 2405 1286 2472 viribus

260 2495 403 2570 tuentur,
420 2491 466 2556 uti
481 2491 642 2556 rhetorum
658 2494 765 2569 arinis,
784 2515 848 2554 non
863 2490 935 2555 suis.
981 2491 1071 2554 ldem
1087 2504 1192 2560 tamen
1208 2511 1286 2570 con-

261 2578 380 2654 fitetur,
397 2599 434 2640 ea
453 2575 520 2662 jam
542 2575 601 2640 elle
622 2599 641 2639 a
661 2575 857 2662 philosophia
879 2575 1024 2660 petenda,
1044 2573 1190 2641 videlicet
1213 2579 1289 2660 qula

262 2663 366 2757 magis
380 2660 449 2750 haec
471 2659 518 2723 illi
535 2660 658 2726 videtur
680 2662 712 2725 in
735 2661 913 2746 possessione
933 2683 1038 2740 earum
1062 2657 1165 2746 rerum
1188 2659 1287 2744 fuisse
1325 2742 1327 2745 v
1413 2715 1416 2722 .

262 2733 351 2830 Hinc
366 2745 462 2808 etiam
476 2744 555 2810 illud
578 2747 630 2823 est,
648 2747 737 2830 quod
760 2745 873 2810 Cicero
894 2743 1037 2830 pluribus
1059 2743 1147 2830 libris
1169 2759 1201 2810 et
1219 2734 1321 2830 epi-6

264 2831 348 2908 stolis
371 2831 509 2908 testatur,
535 2828 662 2894 dicendi
688 2829 871 2894 facultatem
898 2853 936 2898 er
963 2829 1082 2893 intimis
1105 2829 1288 2914 sapientiae?¹

264 2913 407 2990 fontibus
423 2915 519 2976 fluere
533 2937 546 2984 ι,
563 2913 700 2998 ideoque
720 2905 914 3000 aliquamdiu
936 2911 1144 2998 praeceptores
1164 2914 1290 2978 eosdem

264 2999 353 3090 fuisse
369 3021 495 3090 morum
513 3010 609 3091 atque
630 2998 768 3090 dicendi.
814 2999 1013 3097 Quapropter
1030 2997 1099 3090 haec
1114 2998 1290 3088 exhortatio

297 3217 500 3272 taccedutlens.
566 3217 702 3266 ”hadita
766 3217 875 3267 isumus
887 3219 916 3265 G.
928 3219 990 3264 Jens.
1049 3215 1098 3293 ¹irl
1109 3219 1186 3286 ipsum
1197 3235 1239 3267 om.
1250 3219 1292 3268 tid.

267 3293 286 3324 ω
298 3279 419 3350 ignoraret
429 3284 461 3346 G.
489 3297 491 3302 ·
524 3291 539 3320 n
554 3285 687 3342 eruditione
696 3284 759 3338 leus.
824 3279 976 3340 ‘’nonlens.
1041 3289 1055 3338 Ρ,
1068 3283 1174 3333 tuentia
1183 3284 1215 3330 θ’.
1289 3297 1294 3306 “
1379 3289 1382 3298 ’

295 3466 346 3526 ιῘΙ,
359 3483 385 3516 2.
397 3461 570 3516 mores-nihil
577 3463 758 3534 acsjuvaridit'-
807 3464 920 3526 cessitate,
932 3463 972 3515 vel
988 3451 1160 3516 consuetudine
1173 3464 1293 3530 abstineri-⁴

266 3533 372 3603 emina]
394 3533 435 3586 Est
447 3533 499 3584 haec
511 3534 614 3600 antiqua
626 3533 668 3584 illa
680 3533 758 3599 quaes·
808 3546 854 3593 tes,
866 3549 909 3584 aur
928 3533 976 3584 alia
993 3547 1061 3603 parte
1078 3531 1121 3586 sihi
1139 3534 1222 3594 utiles,
1233 3535 1293 3587 boni

271 3604 317 3664 tio,
330 3605 348 3654 εἰ
365 3601 460 3650 διδακτὸν
474 3601 553 3668 qut:
572 3603 602 3651 de
611 3620 669 3668 qua
687 3603 759 3652 Plato
807 3613 832 3654 et
844 3604 965 3656 commodi
978 3602 1128 3672 reipublitae‚
1141 3605 1186 3672 qui
1197 3603 1243 3671 hoc
1255 3605 1293 3670 ip-

271 3674 297 3724 in
310 3671 417 3721 Menone
428 3677 452 3717 et
470 3665 614 3738 Protagora,
626 3670 759 3725 AEschiues
808 3669 860 3722 sum
873 3671 933 3738 quid
948 3671 995 3722 sit?
1014 3668 1147 3740 ignorant3
1166 3670 1294 3740 praeferen-

272 3739 410 3791 Soeraticuu
427 3734 526 3800 dialogo
537 3739 583 3788 huc
595 3739 759 3808 inscriptione,
808 3741 834 3791 di
853 3735 969 3807 (addetur
985 3743 1050 3792 enim
1074 3751 1097 3794 et
1108 3739 1178 3806 hoc)
1199 3739 1258 3801 illis,
1277 3740 1295 3796 fi

273 3810 347 3861 Max.
360 3807 458 3875 Tyrius
470 3804 522 3855 disl'.
540 3807 638 3870 1'72a1.
654 3827 697 3858 22.
728 3809 759 3859 ln'
809 3809 852 3877 qui
871 3809 922 3876 poll
939 3803 1133 3861 acutillimas'de
1145 3805 1235 3859 virtute
1242 3805 1295 3860 'dis'

271 3877 361 3946 primis
379 3887 461 3925 autem
479 3872 528 3924 huc
542 3877 657 3942 pertinet,
669 3889 692 3927 et
703 3895 759 3950 gra·
809 3879 1052 3947 potationes,vivunr
1063 3879 1135 3929 vitia.
1150 3879 1194 3929 Sed
1207 3879 1294 3938 virtus,

271 3949 335 3997 viter
346 3941 486 3994 sententiam
494 3941 566 3994 Fabii
578 3946 705 3997 confirmat
716 3960 761 3994 au·
809 3965 866 4014 quae
876 3944 995 4014 imputari
1008 3945 1086 4014 polht,
1099 3964 1155 4014 quae
1166 3949 1310 4014 praemitim‘

272 4032 329 4065 reus
349 4008 478 4063 Plutarchi
495 4009 593 4064 libellus
604 4015 657 4074 “op
668 4015 762 4062 διδακτὸν
809 4026 952 4074 mereatur,
969 4017 1066 4083 proprie
1096 4013 1143 4064 non
1172 4016 1213 4075 est,
1242 4015 1296 4076 nih,

272 4083 367 4147 dipel.
810 4083 890 4152 quid?
910 4093 933 4132 et
945 4095 990 4132 cur
1000 4082 1075 4134 saciat
1083 4091 1092 4132 l
1099 4082 1278 4152 ''intelligentis'-

303 4167 337 4211 a.
360 4146 396 4202 Ab
418 4146 672 4218 'nens-*ignorariffl
687 4149 763 4200 ¹Sunt
849 4167 872 4217 ς.
891 4149 1050 4220 interrivata
1068 4152 1185 4214 Oratore]
1205 4153 1237 4202 0.
1253 4171 1295 4222 19·

273 4217 374 4289 quidem
445 4217 495 4271 ines
506 4219 545 4272 vel
561 4229 661 4280 natura,
670 4217 710 4270 vel
721 4232 763 4272 ne-
812 4233 856 4284 27.
872 4237 915 4286 31.
933 4221 994 4290 quin
1005 4229 1058 4276 toto
1069 4219 1153 4291 passim
1163 4237 1244 4292 opere.
1263 4230 1280 4240 '¹
