3014 4918
437 381 607 450 rueme.
626 331 833 446 onauon.
854 381 937 448 nra.
957 379 1011 442 xr,
1032 399 1063 456 2.
1217 392 1276 464 295

231 559 339 635 pueros
368 545 513 628 attollere,
513 547 641 698 μωρίη
682 568 713 614 or
734 543 907 634 producere,
930 541 1021 640 vasta
1049 542 1189 614 laniare:
1219 545 1273 611 sed

235 633 292 698 suo
313 633 386 698 looo
407 631 492 698 dieta
526 645 597 698 unt.
671 644 685 696 t
703 630 778 718 quia
791 629 823 694 in
837 629 981 717 partibus
996 628 1129 696 caussas
1148 629 1272 696 etiamr

234 717 305 784 aliia
318 719 362 784 est
374 716 518 798 varietas,
532 717 605 782 satis
626 728 764 803 apparet,
779 713 1084 782 accommodandam
1105 714 1268 781 sententiis
1301 784 1302 788 ,
1409 723 1411 730 ’

146 829 151 838 ·
233 801 306 890 ipos
319 801 625 890 pronuntiationem,
640 803 718 866 ficut
736 800 939 866 ostendimus.
986 799 1168 866 Sedaverbis
1182 821 1266 886 quo·

235 909 311 975 que,
326 887 414 976 quod
427 886 590 953 noviffime
611 885 765 964 dixeram,
781 907 845 950 non
866 884 928 950 sem
970 907 996 966 r,
1011 885 1064 949 sed
1081 884 1278 971 aliquando.

177 991 222 1046 175
235 975 288 1038 An
303 995 367 1039 non
381 971 465 1052 haec,
479 971 621 1060 Misellos
631 984 664 1036 at
681 970 887 1058 pauperculas,
901 971 935 1034 su
957 969 1047 1034 missa
1067 981 1163 1056 atque
1185 991 1264 1034 oon-

232 1059 353 1123 tradia?
389 1057 499 1136 Fortis,
522 1070 551 1122 et
573 1058 738 1136 vehemens,
757 1067 786 1119 et
810 1055 899 1135 latro,
921 1055 1026 1120 media
1048 1065 1081 1119 et
1105 1056 1266 1120 concitata

232 1163 313 1209 voce
326 1143 488 1208 dicenda¹
502 1141 574 1207 sunt
586 1145 598 1207 i
621 1140 760 1206 Accedit
773 1139 860 1204 enim
874 1141 922 1204 vis
936 1151 970 1206 et
982 1139 1155 1226 proprietas
1169 1141 1265 1206 rebus

231 1227 291 1293 tali
311 1227 571 1318 adstipulatione:
617 1249 669 1292 uae
689 1225 744 1290 nifi
768 1225 858 1305 adfit,
875 1224 963 1292 aliud
987 1245 1059 1303 vox,
1081 1225 1169 1292 aliud
1190 1225 1263 1290 ani·
1304 1291 1306 1298 ,

173 1325 219 1387 176
231 1334 304 1378 mua
328 1311 480 1380 ostendat.
524 1250 640 1380 Quid?
673 1307 763 1398 quod
786 1309 897 1376 eadem
920 1309 1015 1374 verba
1039 1320 1163 1374 mutata
1187 1332 1264 1396 pro-

231 1396 432 1464 nuntiatione
452 1396 606 1477 indiaant,
629 1395 798 1474 affirmant,
821 1395 1022 1481 exprobrant,
1045 1405 1176 1481 negant,
1199 1395 1262 1458 mi·

230 1493 364 1636 rurrrtupii
367 1482 588 1584 indignantur,
603 1482 810 1570 interrogant,
825 1479 970 1563 irrident,
985 1480 1133 1548 elevant?
1157 1479 1273 1546 Aliter¹

230 1588 317 1635 enim
366 1583 462 1649 catur,
1262 1605 1266 1614 ·

399 1685 448 1752 Tu
462 1685 535 1751 mibi
548 1685 745 1776 quodcumqae
759 1683 810 1749 hoa
825 1685 923 1774 regni.
978 1765 980 1770 Ι

402 1855 558 1922 Cantando
572 1865 606 1919 tu
619 1851 736 1920 illum?

400 2025 485 2095 Tune
498 2023 680 2094 illa‘AEneas
692 1984 723 2088 2⁹x

104 1757 106 1767 i
224 1781 276 1856 ti,

229 1950 275 2022 0¹2

227 2119 274 2194 et,
370 2259 373 2264 ,
397 2195 511 2284 Meque
526 2195 637 2264 timoris
753 2245 755 2252 .

397 2282 563 2370 Argaela,
578 2283 712 2344 Drance.

227 2413 272 2476 Et
288 2432 329 2476 ne
343 2431 459 2492 morer,
475 2413 559 2478 intra
572 2411 604 2476 se
618 2409 752 2498 quisque
766 2409 818 2476 vel
831 2408 907 2490 hoc,
922 2407 972 2476 vel
986 2407 1085 2492 aliud,
1099 2411 1186 2499 quod
1200 2435 1258 2480 vo·

226 2495 284 2576 let,
304 2517 360 2584 per
383 2519 495 2562 omnes
521 2497 653 2562 affatius
681 2497 803 2560 verset:
838 2517 948 2562 verum
972 2493 1044 2576 esse,
1066 2497 1154 2583 quod
1177 2497 1259 2566 dici-

171 2603 313 2662 mmm,
329 2580 417 2647 sciet.
461 2584 573 2648 Unum
589 2580 659 2668 jam
677 2581 730 2645 his
749 2578 964 2666 adjiciendum
980 2582 1035 2661 est,
1050 2602 1124 2646 cum
1168 2585 1260 2650 raeci-

272 2666 338 2732 ein
352 2667 478 2732 afflone
491 2667 648 2754 spedetur
661 2663 826 2744 decorum,
840 2664 921 2751 saepe
939 2663 1026 2731 aliud
1040 2665 1119 2731 aliae
1155 2689 1258 2736 acere.

258 2753 281 2816 st
295 2752 382 2816 enim
403 2752 505 2817 latens
520 2752 667 2838 quaedam
681 2750 714 2814 in
728 2749 791 2827 hoc
806 2750 899 2829 ratio,
913 2761 947 2814 et
960 2748 1180 2818 inenarrabilia
1192 2779 1201 2818 z
1223 2765 1259 2822 et

225 2850 265 2902 ut
285 2858 359 2902 vere
381 2836 445 2902 hoo
467 2837 592 2902 didam
613 2837 667 2916 est,
682 2847 773 2923 caput
792 2834 852 2900 effe
872 2835 959 2916 artis,
975 2837 1091 2900 decerei
1106 2839 1258 2924 qrradfa-

226 2923 288 2988 cias
299 2945 310 3001 3
333 2922 380 2988 ita
400 2921 437 2986 id
454 2942 560 3010 neque
580 2921 643 2986 fine
662 2932 729 2984 arte
748 2919 818 3000 atie,
834 2941 939 3006 neque
959 2932 1065 2986 totum
1086 2935 1154 2987 arte
1174 2923 1258 2990 tradi

169 3008 363 3094 rytpotestk.
408 3008 448 3070 In
470 3005 660 3094 quibusdam
682 3004 814 3070 virtutes
834 3026 899 3068 non
920 3005 1041 3082 habeut
1119 3007 1208 3084 tiam,
1221 3007 1257 3074 in
1314 3009 1316 3022 '

56 3156 58 3160 ,
226 3091 418 3179 quibusdam
442 3092 523 3157 vitia
540 3091 608 3179 ipsa
634 3089 803 3156 deleaant.
846 3091 1051 3157 Maximosa
1083 3093 1174 3157 oree¹
1199 3114 1258 3160 oo.

123 3176 126 3182 ’
224 3176 427 3255 maedianum,
445 3176 649 3242 Demetrium
672 3185 705 3239 et
729 3173 917 3240 Stratoclem
931 3187 964 3255 ¹¹,
985 3175 1109 3263 placere
1131 3175 1257 3244 diversis

223 3261 396 3346 ¹virtutibus
411 3260 549 3327 vidimus
561 3271 586 3326 ¹¹.
631 3259 695 3324 Sed
709 3257 790 3324 illud
804 3259 911 3324 minus
926 3259 1056 3340 mirum,
1073 3261 1160 3350 quod
1177 3263 1258 3342 alter
1287 3263 1294 3280 ⁸

224 3343 313 3424 deos,
328 3358 362 3409 et
370 3345 519 3432 juvenes,
535 3358 568 3410 et
588 3345 690 3410 bonos
711 3357 829 3430 patres,
842 3340 1018 3432 servosque,
1033 3359 1066 3413 et
1084 3358 1258 3430 matronas,

224 3440 259 3494 et
277 3451 392 3519 graves
406 3451 486 3496 anus
507 3431 649 3519 optimer
673 3429 752 3494 alter
770 3451 856 3496 acres
878 3429 979 3511 senes,
993 3430 1126 3498 callidos
1140 3429 1257 3517 servos,

222 3649 226 3658 ·
251 3625 268 3664 ι’
283 3629 370 3678 cauffae
381 3629 435 3678 talis
445 3631 478 3678 est
489 3629 521 3678 G.
597 3636 608 3668 ¹
627 3631 724 3679 attens.
791 3629 811 3660 '¹¹
830 3630 960 3680 dicendum
971 3633 1120 3681 coalent.
1195 3630 1203 3666 ¹
1221 3632 1258 3682 di-

221 3696 350 3743 ceratem.
416 3695 429 3726 ¹¹
451 3694 505 3743 Via.
513 3693 559 3756 leg.
571 3695 644 3756 poffe.
724 3693 730 3725 ¹
749 3693 896 3744 audoresr'd.
971 3705 994 3734 m
1009 3697 1143 3748 Stratoclea
1149 3695 1182 3748 G.
1193 3697 1259 3749 Sin·

220 3759 377 3810 metensem
442 3764 455 3789 ¹¹
473 3760 584 3808 videmus
595 3759 626 3808 G.

262 3923 324 3971 174.
335 3907 382 3977 stro
398 3903 537 3971 lacodit't'a]
559 3905 638 3976 Supra
651 3909 677 3968 6,
691 3923 717 3978 1,
771 3943 774 3950 ,
803 3923 863 3972 ¹77·
887 3907 1021 3978 caputaffe
1041 3908 1119 3976 artis]
1145 3910 1204 3964 eie.
1223 3909 1255 3966 de

261 4011 268 4028 .
766 3977 839 4028 Orat.
863 3995 888 4040 r,
902 3996 945 4046 29,
970 3979 1089 4032 Roscium
1100 3982 1165 4050 sepe
1183 3979 1256 4032 auctio

260 4047 321 4106 17⁶·
335 4043 373 4096 Tu
383 4043 444 4097 mihi
452 4045 625 4114 quodcumque]
639 4047 714 4116 virg.
764 4043 853 4107 dicere,
866 4047 949 4114 Caput
959 4047 1001 4118 effe
1011 4048 1076 4101 artis
1085 4049 1182 4114 darem
1194 4049 1259 4119 quod

224 4112 290 4164 AEn.
306 4119 384 4176 1⁵78·
422 4117 550 4168 Cantando
562 4113 619 4167 Eoi.
635 4133 659 4180 3,
670 4133 716 4182 25·
764 4116 1256 4190 tamnumtmideffl,qardtradiarte

223 4177 293 4232 farne
308 4180 348 4232 ille
359 4183 425 4236 AEu.
441 4188 542 4261 ἥβη.
579 4185 668 4256 Meque
683 4183 717 4239 η’-
764 4184 893 4253 nonpofflt·

775 4339 800 4389 U
816 4339 839 4406 4

189 4276 191 4282 ¹
217 4249 372 4310 wrisAEn.
386 4269 429 4317 rr,
441 4257 504 4321 383.

223 3989 257 4040 30
