3020 4918
242 435 303 496 204
477 423 522 482 M.
544 419 669 482 FABII
690 419 1039 483 QUINCTILIANI

239 581 313 647 na'm
333 569 464 666 deceat,
487 585 575 672 quod
601 585 637 650 fit
663 579 803 674 teinpuS,
826 575 881 674 qui
904 586 1192 675 jndicisenimue,
1220 589 1273 656 in·

239 669 326 748 tuiti,
336 670 485 734 'humano
501 669 639 756 quodam
656 671 810 738 modoad
826 672 1026 738 scribendum
1045 673 1270 744 accesserimus.

238 755 292 824 Sic
308 753 400 820 nobis
415 767 447 819 et
468 755 571 834 initia,
583 770 617 822 et
633 780 706 844 quae
720 759 906 845 sequuntur,
923 772 1035 824 natura
1050 759 1114 858 ipsa
1127 762 1269 845 prescri-

237 839 298 912 bit.
343 839 438 909 Certa
460 841 533 906 sunt
557 841 654 928 enim
667 843 830 929 pleraque,
847 857 890 922 et,
908 843 961 908 nin
983 865 1219 925 conniveamus,
1236 846 1270 912 in
1285 854 1326 918 16

238 923 350 1006 oculos
377 924 568 990 incurrunt:
603 927 742 1015 ideoque
765 950 826 993 nec
848 928 971 993 indodii
999 951 1058 994 neo
1084 929 1187 995 rustici
1212 930 1271 998 diu

234 1019 400 1156 ffuaemm'
426 1009 512 1076 unde
536 1011 708 1100 incipiant:
741 1035 806 1101 quo
831 1013 1016 1100 pudendum
1041 1014 1085 1078 est
1108 1015 1224 1102 magis,
1248 1017 1269 1080 li

259 1093 456 1160 tffieultatem
479 1095 556 1162 facit
577 1097 731 1182 doctrina.
775 1101 853 1164 Nou
877 1121 954 1186 ergo
972 1111 1135 1184 putemus,
1150 1099 1270 1187 semper

236 1181 396 1278 optimum
411 1181 482 1274 else,
499 1181 586 1268 quod
601 1181 699 1263 latet3
725 1196 734 1224 ¹
747 1181 1005 1248 immutescamus
1025 1183 1159 1272 alioqui,
1174 1186 1194 1250 st
1217 1186 1269 1250 ni·

233 1261 283 1330 hrl
306 1265 478 1330 dicendum
499 1266 656 1348 videatur,
672 1267 727 1332 nist
750 1268 838 1356 quod
860 1290 923 1332 non
936 1279 953 1314 ’ν
967 1268 1160 1336 invenimus,
1203 1270 1267 1340 Di·
1282 1293 1322 1366 ny

233 1351 357 1416 versum
372 1351 415 1416 est
437 1349 513 1416 hnic
533 1374 642 1418 eorum
658 1352 784 1433 vitium,
800 1353 856 1438 qui
876 1353 1002 1504 frimot
1025 1354 1192 1420 decurrere
1212 1377 1269 1442 per
1325 1397 1331 1412 ·

234 1437 398 1502 materiam
420 1436 489 1500 siilo
511 1459 607 1524 quam
630 1435 820 1504 velocissimo
834 1460 874 1502 vo
891 1449 959 1517 unt,
975 1452 1009 1502 et
1028 1438 1196 1524 sequentes
1212 1463 1267 1508 oe-

232 1519 334 1586 lorem
355 1534 451 1610 atque
472 1521 641 1608 impetum,
656 1545 696 1586 ex
718 1536 863 1610 tempore
883 1522 1036 1604 scribunt,
1053 1523 1136 1590 hanc
1147 1524 1268 1608 stlvam

234 1619 371 1672 vocant:
410 1619 559 1694 repetunt
585 1607 713 1687 deinde,
740 1622 774 1674 et
801 1621 1011 1696 componunt,
1041 1631 1114 1694 quae
1142 1607 1266 1676 effude-

234 1703 306 1754 rant
319 1702 353 1754 ”t
377 1691 430 1760 sed
450 1691 546 1758 verba
567 1693 776 1758 emendantur
797 1705 830 1756 et
847 1693 985 1772 numeri,
1001 1705 1109 1758 manet
1122 1693 1156 1758 in
1170 1695 1269 1773 rebus!

233 1789 353 1840 temere
375 1777 540 1864 congestis,
556 1801 629 1864 quae
651 1777 715 1843 fuit
724 1791 750 1859 ¹,
765 1779 888 1843 levitas.
934 1777 1082 1842 Protinus
1105 1799 1139 1844 er
1206 1779 1318 1858 ead-18

232 1859 344 1925 hibere
359 1883 466 1926 curam
482 1861 600 1927 rediius
614 1864 685 1944 erit,
701 1877 797 1950 atque
812 1863 852 1927 ab
868 1861 960 1928 initio
981 1863 1021 1926 fic
1037 1885 1116 1950 opus
1159 1885 1265 1946 noete,

232 1958 271 2010 ut
285 1947 475 2025 caelandum,
490 1969 555 2011 non
577 1971 617 2013 ex
631 1949 758 2038 integro
775 1947 992 2013 fabricandum
1015 1948 1061 2011 fit.
1105 1947 1265 2036 Aliquan-

233 2031 276 2095 do
299 2045 407 2096 tamen
431 2033 561 2098 alladius
585 2034 763 2120 sequemur,
778 2035 811 2100 in
839 2035 959 2121 quibus
984 2033 1049 2098 sere
1070 2033 1143 2119 plus
1165 2034 1266 2116 calor,

231 2139 330 2204 quam
350 2118 528 2206 diligentia,
545 2117 640 2183 valet.
685 2120 768 2184 Satis
787 2132 916 2207 apparet
939 2141 978 2182 ex
1001 2141 1052 2196 eo,
1071 2119 1159 2204 quod
1181 2119 1265 2184 banc

231 2203 433 2268 scribentium
459 2203 546 2291 negli
574 2204 691 2268 entiam
718 2205 848 2282 damno,
871 2202 948 2289 quid
973 2203 1014 2267 de
1037 2203 1101 2268 illis
1123 2203 1264 2270 dictandi

232 2287 356 2352 deliciis
372 2287 516 2354 sentiam.
594 2310 646 2354 am
661 2287 694 2354 in
710 2291 778 2356 stilo
792 2289 923 2380 quidem
936 2288 1134 2376 quamlibetz
1145 2311 1261 2376 prope·
1277 2321 1317 2390 ¹9

264 2463 335 2540 ‘bec
348 2491 388 2554 iuſs
400 2494 430 2539 G.
447 2508 478 2542 ne
491 2492 531 2559 rifi
542 2493 604 2542 Jtns.
669 2503 678 2526 ¹
697 2511 737 2542 ont.
751 2493 850 2557 G.fhrte
861 2497 924 2541 resse.
941 2491 992 2538 vid.
1002 2501 1047 2540 ner.
1128 2491 1137 2520 ²
1154 2493 1263 2554 primum

146 2593 148 2600 .
230 2555 261 2602 G.
275 2555 339 2616 quast
352 2557 391 2622 iffi
403 2559 465 2606 lens.
577 2566 588 2589 ²¹
608 2559 742 2608 effuderunt
754 2559 783 2606 G.
897 2565 910 2594 Χ
928 2557 989 2604 ludit
1000 2556 1032 2604 G.
1041 2554 1104 2604 Jeus.
1115 2557 1186 2618 credo,
1198 2564 1263 2610 recte.

230 2625 242 2652 ⁸
261 2629 284 2667 et
296 2619 336 2685 sifi
346 2623 409 2670 Jens.

266 2804 307 2850 18·
323 2799 435 2852 dictandi
445 2800 552 2867 deliciis]
562 2801 658 2855 Scilicet
666 2803 719 2870 jam
767 2815 877 2852 morum.
901 2799 968 2854 Hinc
980 2798 1033 2852 nati
1043 2800 1074 2850 de
1085 2807 1142 2850 arte
1153 2798 1263 2855 dillandi

228 2879 283 2928 turn
304 2871 422 2922 notabilis
440 2883 493 2922 erat
510 2889 538 2923 ea
551 2872 677 2934 mollities,
689 2883 719 2923 nt
769 2871 809 2937 (lt.
832 2887 854 2922 e.
878 2869 990 2939 epistolae
1013 2869 1147 2936 scribendi)
1171 2869 1259 2924 libelli.

228 2940 295 2990 cirea
307 2939 426 2992 scribendi
436 2953 513 2992 artem
530 2941 718 3012 negligentiores
767 2942 833 3014 Qae
849 2955 906 2989 cum
925 2939 961 2990 ita
977 2938 1031 3000 sint,
1043 2955 1092 2989 nnn
1108 2939 1191 2990 errasse
1203 2957 1260 2992 cen-

214 3009 300 3063 ‚effent
324 3009 433 3082 homines
457 3012 482 3062 in
505 3010 592 3080 aliquo
620 3009 719 3082 fastigio
766 3009 814 3070 seo,
832 3009 877 3078 qui
898 3007 1037 3078 Eginhardi
1054 3007 1084 3059 de
1105 3007 1195 3060 Carolo
1215 3011 1257 3061 M.

228 3079 371 3132 constituti:
399 3079 464 3146 (yid.
489 3098 513 3142 r,
537 3097 561 3140 r,
581 3080 639 3146 28‚)
661 3097 718 3162 quar
766 3079 842 3131 verba
862 3095 886 3129 c.
906 3095 938 3142 25
958 3079 993 3128 ita
1010 3078 1211 3146 interpretantur,
1229 3090 1259 3130 ut

227 3147 309 3269 ptsstffl
327 3147 652 3270 itgdllflul‘hu‘stlffff‘
665 3165 717 3214 jam
766 3147 887 3270 lscribeitdi
905 3144 1258 3268 ”migmassf‘fflm'
1298 3175 1304 3182 ·

226 3228 717 3356 t..{3.{l..tttl‘2...3“tltt..⁰ttz
765 3231 1155 3366 tntt¹¹¹ftt¹ttttt¹3²td
1171 3231 1258 3364 ...¹¹33

229 3375 278 3428 que
298 3356 374 3410 varia
396 3357 505 3410 distendi
523 3372 613 3424 genere
634 3357 717 3428 super-
765 3367 871 3408 mentem
880 3354 1042 3410 verruntu-
1052 3353 1126 3424 potest
1138 3371 1258 3422 cuiquam

226 3425 332 3496 gressum
350 3427 372 3478 se
389 3427 450 3478 alins
468 3426 530 3478 dicit
548 3426 662 3478 Sidonius
675 3427 716 3480 A.
766 3425 817 3478 isa
845 3425 921 3477 verba
946 3423 1062 3483 intuenti3
1085 3419 1208 3475 tentabar
1231 3435 1258 3476 et

226 3497 314 3568 pollin.
338 3501 363 3558 8,
382 3501 407 3558 6,
427 3508 452 3548 et
472 3499 503 3548 ab
524 3497 597 3548 initio
611 3495 716 3561 ejusdem
756 3445 876 3565 ssribera
889 3493 981 3572 inquit,
996 3491 1136 3564 tabulasque
1152 3502 1177 3545 et
1193 3491 1259 3572 cndi-

226 3568 332 3637 epistolae
351 3567 480 3635 conjungit
493 3565 578 3635 studia
595 3566 716 3628 certandi,
765 3565 829 3617 cillos
839 3565 877 3616 ad
890 3562 932 3616 boc
946 3579 974 3616 tn
986 3562 1071 3615 Mula
1142 3577 1257 3614 cemica-

226 3635 346 3700 daunai,
368 3634 547 3704 lectitandique.
577 3635 637 3686 Vid.
659 3654 718 3704 quae
764 3633 826 3688 libro
848 3631 1006 3700 circumferre
1042 3632 1066 3686 ol
1109 3641 1135 3693 t,-
1151 3641 1180 3682 ur
1202 3647 1257 3685 cnm

226 3709 276 3762 bic.
292 3709 392 3771 Severo,
415 3708 523 3774 itemque
547 3703 577 3756 ad
599 3703 717 3770 latiffimae
765 3719 877 3756 vacuum
893 3711 1009 3772 tenrpute
1025 3711 1057 3762 et,
1068 3718 1170 3752 manum
1187 3699 1256 3753 effin-

225 3774 365 3831 ditictianis
375 3785 486 3844 euripum
495 3795 521 3842 9,
532 3789 562 3840 9.·
572 3775 638 3828 Hinc
650 3775 724 3844 apud*
766 3773 854 3842 gennis
865 3773 945 3826 literis·
954 3769 1126 3824 adsuefaceret.
1150 3769 1201 3822 Sed
1205 3777 1256 3838 pa·

226 3848 395 3902 cassiodorum
408 3850 468 3898 Var.
482 3849 507 3906 8,
522 3845 716 3914 13,experlbna
766 3860 822 3895 rum
829 3844 941 3912 prospere
947 3839 1056 3919 ficeeffir
1065 3839 1136 3892 ledor
1148 3841 1257 3908 praepos-

226 3918 370 3972 Atbalnrici
386 3917 466 3986 Regis
477 3913 625 3968 Ambrosius
635 3912 717 3966 Ma«
763 3921 830 3964 teres
839 3927 872 3962 ac
874 3911 931 3982 serre
942 3907 1076 3962 inchoatus.
1097 3909 1138 3962 At
1149 3909 1256 3962 inerudi-

224 3987 327 4042 tienibus
354 3985 493 4046 adhibetur,
521 3993 545 4034 et
577 3983 717 4044 subjicitur,
764 3981 815 4034 bile
836 3979 879 4042 est,
901 3977 1004 4034 nobum
1029 3977 1090 4032 adeo
1118 3977 1257 4048 principem

224 4051 714 4121 ,Omniabonacumulatlinguadiscrtar
765 4050 866 4120 pingere
887 4049 972 4102 literae
992 4046 1107 4100 nescisse?
1137 4047 1178 4100 At
1205 4065 1257 4102 non

223 4139 260 4192 et,
273 4129 346 4199 Qud
355 4145 372 4178 a
385 4124 451 4178 nabis
463 4121 617 4191 praecipitur,
625 4119 716 4188 gratia
763 4119 847 4172 minus
871 4117 1025 4177 incredibile,
1038 4115 1085 4172 nist
1104 4116 1256 4196 crederemur

224 4189 340 4253 dictantis
365 4203 480 4246 ornatur.
517 4192 601 4242 Sermo
629 4189 662 4241 est
683 4189 714 4240 de
764 4186 1079 4258 Caffiodoro‚Qaetioretn
1093 4186 1217 4254 Prmeipie
1230 4187 1257 4238 in

224 4258 360 4343 Qaellurae
370 4263 503 4330 dignitate,
514 4261 556 4312 cui
567 4258 630 4312 nibil
642 4258 716 4310 hodie
764 4257 897 4310 scribendis
924 4272 982 4326 quae
1010 4253 1128 4308 sonnaret
1156 4255 1255 4308 Edislie

224 4339 325 4394 similius
343 4349 442 4388 munere
453 4328 642 4384 secretariorum
654 4328 715 4382 inti·
763 4325 949 4398 Principalibus
966 4342 1040 4379 manu
1056 4325 1100 4378 sne
1112 4341 1161 4378 non
1171 4323 1254 4387 usum,

1486 2826 1504 2864 R
