3026 4930
12 3851 14 3884 l

12 3889 14 3918 l

339 385 360 466 “,
429 371 599 466 1nsr1r.
619 403 829 468 oneror.
850 404 935 466 cru.
955 403 1009 464 rx.
1033 422 1062 470 α.
1135 398 1144 411 “
1229 403 1268 486 ⁸9

130 547 137 562 .
224 567 373 744 ppettasse
395 588 467 649 nos,
489 581 546 634 aut
567 567 670 658 majus
693 569 816 658 aliquid
837 567 974 636 timuisse
998 545 1193 651 limulainus,
1212 581 1269 636 aut

263 681 300 722 us
325 655 425 721 videri
446 652 530 742 polle
549 653 786 744 ignorantibuS,
808 657 903 744 quale
925 657 970 722 est
992 657 1186 743 prooemium
1210 678 1268 744 pro

160 757 213 820 40
227 743 344 824 Coelio.
391 741 452 806 Illa
471 763 548 806 vero
575 750 625 826 (ut
643 742 689 806 ait
710 742 838 824 Cicero)
857 741 913 807 sub
930 742 1025 806 oculos
1037 742 1182 832 subjectio
1197 757 1268 808 turn

227 827 295 892 fieri
315 827 407 906 solet,
422 849 497 892 cunr
521 849 571 892 res
594 849 659 890 non
681 829 767 915 gesta
787 829 959 908 indicatur,
975 828 1040 907 sed,
1055 842 1092 892 ut
1111 827 1147 892 su
1168 829 1266 916 gesta,

225 913 420 980 ostenditur:
456 935 516 978 nec
540 909 695 994 universa,
718 912 772 978 sed
798 936 855 1000 per
879 926 1005 1000 partes:
1040 935 1138 1000 quem
1158 912 1270 985 locum

224 1000 373 1100 proximo
387 997 471 1063 libro
486 997 678 1085 subjecimus
693 996 870 1064 evidentiae:
892 1013 926 1062 et
942 998 1055 1080 Celsuq
1068 998 1131 1064 hoc
1147 1021 1267 1066 nomen

225 1085 276 1149 rsti
290 1085 398 1172 figurae
414 1082 519 1150 dedit:
544 1086 584 1148 ab
599 1083 670 1148 aliis
684 1083 857 1155 ὁποτύπωσις
871 1083 991 1150 dicitur
1004 1085 1160 1171 proposita
1173 1109 1265 1174 quae-

226 1171 301 1236 darn
317 1169 420 1234 forma
438 1191 543 1236 rerum
559 1169 605 1234 ita
624 1167 764 1258 exprelle
784 1170 902 1248 verbis,
917 1184 955 1234 ut
977 1170 1065 1234 cerni
1087 1171 1193 1256 potius
1216 1174 1266 1238 vi-

226 1255 351 1335 deatur,
366 1277 463 1342 quarn
479 1255 602 1320 audiri:
626 1254 701 1344 Ipse,
718 1253 1038 1344 infiammatusscelerc
1053 1281 1088 1320 ac
1097 1257 1220 1342 furore,
1234 1259 1268 1324 in

215 1342 324 1428 forum
339 1341 447 1406 venit:
469 1341 618 1406 ardebant
639 1340 739 1406 omli:
763 1353 820 1406 toro
845 1366 881 1404 ex
906 1367 954 1408 ore
975 1341 1136 1406 cmdeliras
1157 1345 1270 1410 emico*

164 1443 208 1505 41
228 1426 313 1492 batt.
357 1429 431 1492 Nec
457 1425 572 1506 solum,
600 1449 672 1512 quae
698 1426 780 1492 futla
805 1426 1054 1507 fintautfiant,
1078 1427 1267 1512 sedetiam,

182 1553 187 1560 ·
227 1535 300 1600 quae
322 1512 430 1578 futura
453 1513 511 1578 fint
536 1523 593 1578 aut
618 1512 727 1578 futura
750 1511 880 1593 luerint,
907 1513 1135 1600 imaginamur.
1181 1515 1268 1582 Mire

226 1599 344 1664 tractat
366 1598 437 1662 haec
461 1598 578 1664 Cicero
597 1620 654 1685 pro
672 1598 812 1677 Milone,
827 1621 901 1685 quae
917 1598 1058 1665 facturus
1072 1597 1169 1666 fuerit
1185 1601 1268 1666 clo.

227 1683 349 1766 dius,fi
373 1683 545 1772 prae'turam
567 1683 732 1750 invafillet.
779 1681 843 1750 Sed
865 1683 936 1748 haec
951 1685 1082 1771 quidem
1106 1687 1270 1754 transsatio

225 1783 422 1856 temporum,
446 1793 519 1856 quae
542 1771 669 1857 proprie
692 1769 857 1851 μετάςασις
882 1769 1011 1850 dicitur,
1037 1770 1070 1834 in
1101 1771 1269 1838 διατυπώσει

226 1856 438 1921 verecundior
452 1855 538 1942 apud
553 1855 672 1943 priores
688 1853 762 1921 fuit.
808 1855 1054 1942 Proponebant¹¹
1076 1856 1165 1920 enim
1179 1857 1268 1939 talin,

230 1942 350 2006 Credite
363 1966 417 2008 vos
431 1942 561 2006 intueri.-
583 1953 622 2008 ut
636 1941 765 2020 Cicero,
782 1940 869 2021 Haec,
885 1963 951 2030 quae
964 1966 1023 2006 non
1036 1939 1153 2027 vidssis
1166 1939 1282 2026 oculis,'

167 2043 215 2107 42
228 2027 337 2094 animis
362 2051 477 2092 cercuro
497 2025 624 2115 potestis.
669 2027 758 2092 Novi
781 2049 866 2107 vero,
882 2041 916 2091 et
931 2027 1089 2116 praecipue
1105 2027 1268 2096 declama-

227 2125 325 2190 tores,
341 2111 504 2193 audeoius‚
521 2135 581 2177 nec
596 2112 780 2178 mehercule
795 2112 858 2178 fine
873 2128 964 2178 motu
984 2111 1125 2200 quodam
1147 2114 1268 2204 imagi.

228 2212 364 2264 nentur:
388 2211 431 2278 ut¹
441 2200 565 2264 Seneca
577 2199 612 2263 in
627 2197 848 2279 controversia,
864 2199 956 2286 cujus
970 2197 1093 2262 summa
1107 2199 1161 2278 eli,
1178 2203 1269 2288 quod

226 2296 318 2371 pater
332 2283 433 2349 filium
448 2296 482 2348 et
498 2306 679 2366 novercam,
695 2283 891 2350 inducente¹
914 2281 1014 2349 altero
1033 2281 1110 2364 filio,
1127 2283 1159 2348 in
1174 2286 1267 2352 adul-

227 2369 310 2434 terio
324 2367 535 2456 deprehensos
548 2370 681 2452 occidit,
696 2369 779 2449 Duc,
784 2371 895 2459 sequor
907 2393 918 2433 .·
941 2369 1038 2456 accipe
1052 2371 1132 2434 hanc
1138 2371 1269 2460 senilem

168 2470 213 2538 43
228 2480 361 2537 manum,
377 2467 405 2518 et
419 2480 596 2545 quonamque
607 2457 656 2522 vis
670 2455 814 2604 ipprime.
858 2457 901 2520 Et
917 2455 1026 2544 paullo
1048 2457 1126 2542 post,
1143 2459 1267 2547 Aspice,

227 2541 346 2627 inquit,
367 2543 448 2629 quod
467 2542 521 2606 diu
539 2567 598 2607 non
617 2539 777 2690 credi-listi·
822 2541 893 2630 Ego
915 2563 1067 2608 veronen
1091 2542 1189 2621 video,
1209 2567 1270 2610 noe

229 2626 369 2708 oboritur,
384 2640 412 2690 et
427 2629 524 2715 craffa
539 2627 648 2715 caligo.
729 2627 804 2690 abet
827 2625 897 2690 haec
920 2626 1048 2725 figuret‘
1073 2627 1268 2698 manifestius

169 2712 361 2799 44aliquid.
406 2713 483 2778 Non
505 2713 593 2777 enim
614 2712 731 2777 narrari
752 2731 815 2788 res,
830 2710 886 2776 sed
907 2733 960 2797 agr
975 2708 1113 2775 videtur.
1158 2713 1267 2779 Loco.

226 2819 301 2863 rum
316 2819 448 2886 quoque
462 2797 605 2882 dilucida
619 2811 652 2863 et
666 2796 844 2885 fignificans
866 2794 1034 2883 descriptio
1049 2795 1155 2861 eidem
1167 2811 1181 2840 ⁸
1203 2800 1269 2866 vir-

226 2883 293 2948 tuti
307 2883 479 2970 affiguntur
492 2907 511 2948 a
525 2883 725 2972 quibusdam,
741 2879 795 2946 alii
809 2879 1001 2965 τοπογραφὶαν
1015 2879 1142 2947 dicunt.
1179 2889 1268 2969 Εἰρω·

227 2967 315 3048 oslac,
335 2969 457 3049 inveni,
476 2971 534 3056 qui
552 2967 807 3056 difflmulationcm
831 2978 1000 3032 vocarent:
1032 2989 1098 3054 quo
1122 2970 1266 3054 nomine,

194 3081 202 3100 ¹
227 3052 305 3139 quia
318 3077 429 3142 parum
445 3055 546 3120 totius
560 3055 656 3142 hujus
671 3053 782 3118 ficurae
804 3051 954 3118 videntur
967 3051 1049 3116 vires
1064 3053 1196 3134 ostendi,
1213 3057 1267 3122 ui-

226 3139 346 3204 mirum
361 3139 440 3204 licut
454 3139 487 3204 in
500 3139 668 3227 plerisque,
685 3109 800 3202 (iraeca
813 3137 935 3202 erimus
954 3135 1167 3223 appellatione
1187 3164 1267 3206 con·
1335 3181 1338 3192 ·

226 3225 322 3290 tenti.
367 3226 475 3312 Igitur
497 3225 630 3306 εἰρωνεία,
678 3247 728 3290 uae
753 3225 798 3288 est
835 3225 946 3301 choma,
967 3223 1008 3288 ab
1031 3222 1099 3304 illa,
1124 3247 1199 3312 quae
1222 3229 1267 3293 eli

226 3320 352 3397 tropus,
368 3333 485 3398 genere
507 3310 574 3398 ipso
599 3247 681 3375 nihii
705 3309 800 3376 admo
824 3331 880 3372 um
906 3307 1018 3373 distet:
1057 3308 1103 3393 (in
1127 3325 1267 3399 utroque

227 3395 316 3459 enim
331 3397 512 3474 contrarium
526 3395 564 3476 ei,
579 3397 659 3484 quod
671 3395 792 3472 dicitur,
807 3392 1056 3542 intellifgendum
1072 3396 1127 3475 est)
1149 3395 1267 3482 species
1303 3452 1305 3461 ,

227 3501 305 3544 vero
318 3480 508 3568 prudentius
526 3482 667 3546 intuenti
680 3478 816 3546 diversus
830 3477 890 3544 elle
917 3477 998 3542 acile
1019 3479 1063 3543 est
1086 3479 1266 3566 deprehen.

169 3582 215 3654 45
228 3563 304 3631 dere
314 3569 341 3632 ¹³.
386 3567 542 3648 Primum,
570 3566 659 3654 quod
683 3579 793 3654 tropus
817 3563 957 3654 apertior
980 3563 1045 3629 elle
1078 3577 1123 3644 et,
1149 3588 1266 3653 quam-

229 3819 233 3826 ·
262 3793 271 3817 ‘
288 3787 412 3836 eminebat
424 3788 455 3836 G.
473 3797 495 3835 et
511 3786 559 3836 cn.
571 3796 610 3850 ap.
622 3786 690 3834 Grut.
703 3785 808 3842 etGrun.
824 3781 954 3832 emanabat
972 3781 1035 3832 Geli.
1048 3782 1267 3838 cruentandam.

229 3863 242 3888 υ
262 3851 486 3914 Proponebetleut.
561 3853 713 3900 *indicante
724 3852 756 3901 G.
832 3858 845 3885 ²
861 3865 904 3896 on.
915 3848 947 3897 G.
1024 3847 1267 3908 ⁸ejuldernvirtutic

229 3917 336 3966 utens.
402 3917 599 3981 baptenlens.

264 4117 309 4164 40.
328 4099 379 4171 lpse
398 4097 579 4224 womarus]
598 4100 671 4153 verr.
692 4115 721 4164 4,
805 4093 1121 4166 44.qui'd1ffmulationem
1130 4102 1266 4167 enar-end

147 4233 150 4240 Ι
228 4173 275 4221 62.
301 4179 348 4238 pro
370 4169 411 4222 Mi
448 4187 509 4222 ee.
537 4188 580 4234 3²·
605 4169 642 4238 sq.
675 4169 722 4220 Sed
771 4166 828 4238 Ipse
850 4183 951 4235 quoque
973 4168 1072 4229 Cicero,
1095 4169 1168 4234 cujus
1189 4173 1267 4223 verba

228 4255 308 4308 quarn
321 4241 415 4292 Senerae
425 4239 511 4292 laudat
522 4237 722 4308 controversiam,
773 4236 828 4288 sunt
841 4256 867 4303 9,
882 4255 906 4297 r,
921 4255 964 4302 29.
996 4237 1073 4289 Adde
1090 4236 1121 4288 dc
1138 4240 1226 4309 reipsa
1240 4259 1266 4308 9,

227 4325 259 4362 ea
271 4309 343 4362 hodie
354 4327 404 4362 non
415 4311 498 4362 exstat.
776 4323 802 4369 r,
815 4322 842 4371 7.
861 4305 926 4359 Illud
935 4306 960 4358 in
973 4306 1109 4360 Catilinam
1119 4305 1152 4358 est
1167 4325 1190 4369 1,
1204 4313 1229 4362 8.
