3026 4930
239 388 297 452 140
472 371 518 432 M.
540 371 665 432 rnntt
686 362 1049 431 outncrrtrnnt'

233 535 398 625 longiores
421 535 502 600 fiunt
527 534 747 622 percutiiones.
791 534 879 598 Num
908 539 1020 616 σημεῖον
1044 545 1173 620 tempus
1201 535 1272 598 ett'o

233 645 349 688 unum.
394 624 430 684 In
454 621 680 707 compositione
702 618 853 684 orationis
875 619 1001 696 certior,
1017 631 1051 683 et
1072 621 1177 706 magis
1195 623 1325 693 om-,5a

234 709 331 772 nibus
346 721 455 792 aperta
467 707 578 781 servari
600 707 697 772 debet
717 705 882 768 dimensio.
926 705 979 768 Est
1002 705 1102 804 igitur
1122 707 1156 770 in
1178 705 1269 792 pedi-

233 793 307 858 bus.
352 795 394 856 Et
417 793 542 858 metrici
565 792 694 879 quidem
718 792 816 877 pedes
836 789 916 854 adeo
935 803 1134 876 reponuntur
1148 791 1182 855 in
1197 813 1269 873 ora·

232 877 337 957 tione,
352 893 389 941 ut
405 877 436 940 in
453 899 490 941 ea
504 877 688 966 frequenter
701 899 765 941 non
782 874 992 941 sentientibus
1014 875 1109 942 nobis
1123 876 1270 944 omnium

233 983 391 1059 generum
417 963 566 1028 excidant
590 963 718 1038 uersus3
753 973 892 1026 tcontra
919 960 1013 1039 nibil,
1041 961 1154 1048 quodi
1180 961 1270 1050 prosa
1298 1003 1301 1008 -

234 1049 404 1136 scriptum,
422 1062 509 1114 rnon
525 1049 628 1137 redigi
643 1049 734 1136 possit
755 1047 788 1112 in
798 1041 953 1135 'quaedam
971 1047 1194 1113 versiculorum
1208 1069 1269 1136 ge·

268 1253 341 1300 ‘eft
357 1253 429 1300 Unde
441 1253 466 1299 in
478 1253 509 1300 G.
574 1251 640 1300 ‘Sic
652 1251 682 1299 G·
695 1251 725 1299 Et
737 1249 777 1315 ins.
788 1248 821 1297 al.
886 1249 956 1298 tiSic
966 1251 998 1299 G.
1009 1252 1074 1301 lens.
1086 1251 1161 1302 estas.
1211 1249 1273 1300 'Sic

236 1317 268 1366 G.
280 1319 343 1367 Jeus.
353 1319 419 1380 quod
430 1319 470 1382 rifi
482 1317 514 1364 al.

237 1498 302 1564 orepd
312 1511 387 1561 cortu
397 1495 484 1561 ἅμερὶς,
493 1500 580 1558 σημεῖον
590 1496 731 1560 προσηγόρευ-
777 1493 851 1564 pedet
862 1495 967 1564 exigunt
976 1495 1167 1548 etdinumerant
1178 1496 1204 1548 in
1216 1513 1272 1548 ora·

236 1583 285 1613 cas.
309 1565 365 1631 Jaon
379 1561 536 1631 intelligitur,
548 1579 606 1632 quae
618 1561 662 1614 srnt
670 1571 730 1630 per·
778 1565 885 1626 toribus,
902 1582 979 1642 quam
1000 1566 1026 1617 in
1045 1567 1196 1634 Lyricorum
1217 1584 1272 1617 car-

235 1631 345 1695 cufflones
368 1633 465 1700 (pedes,
486 1635 567 1684 radus
590 1631 663 1684 bodie
686 1650 730 1683 vo·
778 1636 889 1686 minibus
907 1633 1001 1688 latium
1019 1635 1061 1696 est,
1073 1652 1097 1690 v.
1112 1655 1140 1705 g.
1160 1636 1272 1688 aMario

237 1703 308 1769 cant)
320 1706 453 1766 τετράτπμω
464 1713 509 1753 aut
521 1701 673 1764 verriturus,
685 1710 731 1753 aut
778 1705 907 1756 Vitiorlno
925 1704 957 1756 tle
976 1706 1062 1756 metris
1080 1705 1225 1758 Horatianis
1243 1725 1268 1774 p·

236 1769 347 1841 deinceps
361 1770 489 1839 lvnglvms
506 1769 582 1838 usque
600 1768 631 1819 ad
650 1789 732 1818 attat·
779 1779 858 1826 2610.
873 1773 1003 1826 Putsch.a
1021 1775 1160 1827 Scholiastis
1178 1775 1270 1828 Pinda-

237 1843 419 1903 territoriorum,
429 1841 497 1910 quod
515 1840 547 1891 est
559 1838 625 1910 apud
638 1837 729 1890 Aritti·
779 1845 901 1898 ricis&c.
926 1847 961 1895 Et
980 1843 1034 1896 sunt
1055 1845 1110 1895 sane
1126 1845 1156 1896 de
1169 1845 1215 1897 hoc
1227 1863 1271 1914 ge-

237 1908 294 1959 dem
313 1927 340 1978 p.
356 1925 399 1974 35.
427 1911 468 1961 Ita
486 1909 577 1962 scilicet
597 1907 730 1977 legendum
779 1933 835 1966 nere
852 1914 963 1984 pluscula
973 1916 1040 1985 apud
1058 1915 1138 1985 ipsum
1155 1915 1273 1966 Halicar-

187 2004 197 2021 ·-
238 1977 282 2029 esse
294 1989 318 2030 et
334 1977 542 2048 distinguendum,
555 1995 613 2030 cum
631 1977 681 2044 ipsa
692 1995 731 2028 res
780 1984 908 2036 naffensem
925 1985 1071 2055 Dionysium
1091 1986 1142 2047 oapi
1160 1987 1224 2033 mu.
1245 2003 1270 2038 c.

237 2064 283 2102 nos
294 2049 403 2110 monuit,
414 2061 469 2101 tum
481 2047 635 2102 confirmavit
647 2047 730 2107 restio,
783 2060 824 2106 18,
847 2055 892 2106 ubi
913 2056 1013 2111 initium
1034 2052 1204 2107 Demosthenis
1227 2073 1273 2124 pro

220 2125 315 2186 ¹quam
332 2117 404 2188 supra
421 2119 559 2188 posuimus,
577 2117 730 2184 Jensoniassas
781 2125 880 2175 Corona
903 2125 1027 2192 expendit.
1058 2125 1093 2176 Et
1115 2123 1191 2193 potest
1214 2125 1272 2176 talis

238 2185 370 2256 quaelllud
382 2189 483 2257 quidem
501 2189 558 2240 satis
576 2187 678 2247 inditas,
692 2186 731 2237 Ul·
782 2194 972 2245 Grammaticus
990 2210 1121 2263 provocare
1141 2193 1172 2244 ad
1191 2193 1271 2261 ipsum

237 2259 327 2309 timam
339 2257 455 2328 syllabam
468 2257 577 2320 habuisse
589 2275 615 2306 o·
781 2264 935 2324 Ciceronem,
958 2263 984 2315 h.
1006 2279 1041 2314 m.
1066 2263 1100 2313 Ar
1120 2259 1203 2313 Cicero
1221 2262 1271 2316 bct.

222 2359 223 2364 =
277 2347 319 2392 5²·
338 2327 582 2395 certior-dimensio]
602 2327 633 2376 In
645 2328 730 2378 metris
780 2335 1008 2401 Argumentaretur
1025 2343 1108 2383 autem
1121 2331 1167 2390 ita,
1179 2329 1273 2382 Nume-

238 2395 384 2465 indulgetur
395 2409 419 2448 et
431 2399 584 2450 condonatur
595 2395 730 2470 aliquidde
779 2418 826 2458 rus,
842 2414 867 2454 et
887 2399 1011 2473 rhythmus
1031 2401 1086 2452 sunt
1110 2401 1195 2464 idem,
1219 2399 1272 2464 jam

237 2468 439 2538 pronuntiatione
450 2469 592 2527 verbomm‚
604 2483 629 2516 v.
641 2483 668 2534 g.
681 2467 730 2518 cir·
779 2472 887 2524 numeris
905 2471 992 2540 alligat
1007 2471 1143 2522 orationem
1165 2469 1270 2522 Cicero:

239 2553 271 2588 ca
281 2549 359 2590 mutae
371 2549 395 2589 et
407 2537 510 2606 liquidae
521 2535 676 2597 concursum,
690 2556 731 2606 po
780 2558 838 2610 ergo
856 2541 992 2612 rhythmis.
1020 2541 1065 2592 Sed
1079 2538 1272 2611 propositionem
1293 2596 1300 2604 ,

239 2605 400 2676 fitionemquc
419 2607 510 2660 aliamr
529 2606 556 2657 in
575 2605 733 2673 compoſstione
779 2629 829 2662 non
858 2611 998 2682 simpliciter
1019 2611 1132 2663 concedit
1158 2611 1270 2662 Fabius=

240 2687 325 2728 autem
352 2676 478 2738 orationis,
501 2695 558 2747 quae
586 2687 665 2727 metro
687 2677 732 2728 ad·
781 2679 894 2754 Rbythmi
906 2681 961 2734 suut
978 2680 1083 2742 numeri,
1095 2678 1134 2732 sed
1150 2695 1199 2732 non
1214 2697 1273 2730 con-

238 2747 322 2800 stristo
333 2762 382 2798 non
394 2747 431 2809 fit,
438 2747 552 2800 ‘servatur
564 2745 681 2798 dimensio
691 2764 733 2798 na·
781 2761 820 2803 tra
830 2769 915 2804 omnes
926 2750 1022 2804 numeri
1032 2751 1088 2804 sunt
1098 2750 1175 2804 iidem
1190 2747 1273 2820 rhyth-

240 2815 338 2876 turalis,
360 2831 417 2885 quae
439 2820 528 2870 certior
548 2817 582 2868 ob
604 2817 630 2868 id
653 2817 733 2886 ipsum
780 2820 824 2872 mi.
853 2823 957 2874 Interim
981 2837 1039 2874 cum
1061 2837 1111 2873 non
1134 2817 1162 2872 srt
1184 2836 1273 2872 nomen

238 2887 406 2958 apertiorque.
780 2893 945 2951 commodius,
967 2907 1080 2942 mannos
1103 2891 1179 2942 etiam
1201 2906 1274 2940 vocc-

281 2975 323 3021 52.
341 2955 458 3008 excidant
473 2956 579 3026 versus,
597 2963 682 3006 contra
693 2955 730 3006 ni·
780 2977 836 3011 mus
859 2960 1029 3030 rhythmicum
1057 2958 1131 3019 illud,
1153 2957 1273 3010 musicum

240 3024 289 3089 hil]
317 3025 356 3076 De
378 3027 448 3077 versu
468 3029 494 3076 in
517 3027 587 3094 prosa
605 3025 732 3076 excidente
780 3027 842 3080 illud
854 3041 879 3080 et
890 3031 1016 3098 poeticum
1031 3030 1057 3080 in
1073 3029 1191 3080 oratione.
1222 3027 1273 3078 Po.

239 3093 395 3166 copiosrsl'rme
412 3094 479 3146 Voss.
492 3095 569 3147 Rhet.
581 3111 610 3156 4,
621 3111 649 3156 4,
663 3111 687 3158 3.
706 3104 731 3146 et
780 3098 825 3150 test
841 3099 887 3150 hoc
902 3110 972 3149 tanto
988 3098 1070 3166 magis
1087 3095 1207 3165 postulare
1223 3097 1272 3146 Fa-

240 3181 305 3234 quos
323 3162 408 3214 laudat
425 3165 525 3215 Fabric.
539 3163 570 3216 B.
584 3165 617 3214 L.
635 3163 689 3214 To.
704 3179 730 3216 ι.
780 3167 848 3228 bius,
869 3169 937 3235 quod
959 3167 1034 3218 etiam
1054 3165 1136 3229 ρυθμὸς
1155 3166 1191 3216 ita
1209 3181 1272 3216 nou·

136 3256 140 3273 ι
240 3253 267 3306 p.
283 3236 344 3298 746.
366 3233 450 3284 Locus
462 3231 573 3285 classicus
585 3233 642 3284 Cic·
656 3233 731 3283 Orat.
779 3251 908 3304 nunquam
932 3237 1055 3305 accipitur
1073 3251 1090 3284 a
1110 3235 1219 3294 Graecis,
1242 3245 1272 3287 ut

240 3323 266 3358 c.
282 3308 325 3370 5⁶·
344 3301 416 3354 Add.
430 3301 523 3354 infras.
539 3321 582 3365 7²·
604 3303 731 3353 Caeterum
780 3307 893 3358 sonorum
916 3306 979 3358 illud
1001 3303 1129 3374 significet,
1151 3315 1176 3354 et
1195 3303 1272 3372 quid-

239 3373 354 3427 revocavi
378 3374 510 3440 antiquam
533 3370 671 3430 kalonem,
694 3382 731 3422 te·
780 3376 843 3442 quid
863 3377 968 3446 percipit
987 3375 1094 3434 auditor,
1118 3373 1194 3424 etiam
1213 3391 1272 3426 cum

239 3461 306 3495 mere
327 3452 450 3492 mutatam
468 3458 483 3491 a
501 3441 597 3508 Regios
626 3456 731 3508 eamque
779 3443 982 3514 fignificationem
1010 3445 1080 3496 vocis
1109 3443 1194 3494 nescit.
1231 3443 1271 3494 Sic

223 3513 281 3566 'bic
304 3511 489 3581 explicatiorem
514 3511 572 3562 dare
600 3509 728 3562 conabor:
779 3515 886 3568 Lucian.
901 3516 926 3565 in
938 3517 1012 3567 vitat.
1026 3513 1092 3565 ausi.
1106 3532 1132 3581 p.
1148 3517 1207 3578 382,
1225 3513 1273 3565 ubi

238 3583 362 3634 Metricos
378 3579 451 3649 pedes
462 3580 488 3631 in
499 3580 607 3631 oratione
617 3579 730 3647 reperiri,
781 3586 858 3636 Stoici
878 3587 968 3637 Emtor
985 3583 1068 3636 doceri
1084 3582 1156 3652 petit,
1169 3581 1231 3651 quid
1244 3581 1273 3634 lit

238 3653 339 3704 duabus
365 3651 440 3704 rebus
468 3648 626 3719 intelligitur,
650 3649 731 3717 primo
779 3651 902 3716 vincens,
919 3651 1107 3720 ωαςασύμξαμα,
1118 3651 1214 3703 causam
1232 3651 1272 3702 in·

239 3723 308 3790 quod
329 3720 447 3772 excidunt
465 3717 547 3771 versus
567 3716 732 3787 imprudenti·
780 3721 905 3781 terserens‚
918 3723 953 3768 riu
969 3721 1008 3769 οἵδ’
1019 3721 1073 3774 snut
1084 3719 1176 3782 inrtym
1192 3720 1231 3768 ini
1242 3725 1272 3768 τῦ
1290 3718 1292 3726 “

222 3817 224 3822 ’
240 3795 299 3853 bus,
311 3791 399 3844 deinde
410 3790 487 3858 quod,
501 3788 516 3839 fi
529 3788 554 3839 id
566 3804 679 3857 agamus,
691 3788 732 3838 ni-
779 3792 856 3855 ῥυθμέ
866 3795 907 3837 τῶν
917 3783 1030 3852 inebrient.
1054 3791 1090 3840 Et
1107 3787 1155 3858 ipse
1172 3786 1273 3838 Aristo-

140 3887 142 3894 ι
238 3861 275 3914 lril
288 3862 362 3932 prose
370 3861 481 3912 oratione
496 3857 613 3928 scriptum
625 3873 674 3908 non
686 3875 731 3925 po.
780 3859 841 3910 retes
861 3858 938 3910 Rhet.
960 3875 983 3922 3,
998 3863 1023 3918 3,
1033 3869 1064 3922 5,
1083 3858 1092 3904 ὁ
1108 3861 1138 3905 et
1153 3859 1273 3921 epipam

240 3935 285 3984 teli
296 3931 375 4000 redigi
387 3931 412 3980 in
429 3929 511 3980 versus
526 3928 675 3979 diversorum
688 3944 731 3995 ge·
781 3927 905 3988 τῆςλέξιως
918 3926 1009 3990 &propte
1024 3925 1105 3988 ῥυθμός
1119 3929 1169 3980 ico.
1198 3927 1271 3976 Hanc

240 4017 327 4052 nerum
338 3998 377 4052 vel
390 4000 509 4068 integros,
521 3996 560 4048 vel
578 3999 602 4048 in
614 3997 730 4064 qoaedam
781 3994 875 4064 siquis
893 3994 976 4045 seriem
996 3997 1111 4054 tenuerit,
1129 3992 1209 4053 locus,
1227 3995 1273 4063 qui

241 4081 307 4122 certe
328 4069 439 4130 membra
463 4066 646 4120 versiculorum.
686 4065 732 4117 Sed
781 4065 890 4118 multum
907 4063 1001 4146 alioqui
1019 4064 1113 4131 negotii
1124 4061 1215 4114 facessit
1227 4065 1271 4116 bo-

241 4141 282 4191 hic
295 4155 332 4190 res
350 4137 422 4188 nobis
440 4153 615 4205 nonnunquam
627 4135 659 4187 est
674 4151 734 4186 cum
782 4135 894 4186 minibus
906 4149 955 4183 non
966 4132 1147 4192 mdodlis,satis
1160 4135 1206 4204 erit
1218 4151 1273 4206 per.

243 4209 426 4260 Grammaticis
438 4207 554 4267 molestis,
565 4206 608 4274 qui
620 4221 735 4258 nonmo-
783 4204 896 4278 spicous.
914 4202 961 4257 Sed
971 4219 1038 4256 nunc
1050 4202 1082 4255 ad
1093 4201 1196 4276 singula.

242 4279 296 4332 rosa
314 4278 398 4331 minus
416 4276 548 4348 diligentia
564 4275 694 4346 rbytlunos
711 4283 737 4328 et
1117 4291 1121 4302 ·
