3014 4918
430 366 600 439 marm
622 369 824 436 aaaron.
846 373 928 436 mn.
948 371 1052 461 xr.·3.
1197 371 1266 456 ιερ-

221 526 324 624 magis
340 534 437 602 miror
451 537 545 603 Plinii
568 535 706 603 Secundi
726 531 813 602 dotti
833 537 985 616 bominis,
1001 550 1033 602 et
1053 537 1086 602 in
1109 537 1170 604 hoc
1185 537 1266 604 uti-v

245 645 285 687 ue
306 622 390 686 libro
411 645 490 708 pene
512 624 607 687 etiam
632 622 767 688 nimium
790 623 911 702 curiofi,
935 624 1173 708 persuasionem,
1194 625 1252 710 qui

219 645 349 771 inlitum
365 708 398 771 id
415 707 517 773 lacere
532 709 721 773 Ciceronem
737 707 966 772 velandarum‘¹
987 709 1127 772 varicum
1148 711 1252 795 gratia

219 793 340 856 tradit:
365 815 437 857 cum
455 794 518 857 boc
539 793 674 858 emidius
695 812 797 878 genus
811 793 844 858 in
860 793 965 856 statuis
984 811 1092 858 eorum
1109 815 1264 880 quoque,
1294 841 1296 848 ι

165 877 276 960 ιμῳιὶ
297 879 363 963 post
386 879 573 942 Ciceronem
595 878 735 960 fuerunt,
751 890 932 964 appareat⁸.
978 878 1156 957 Palliolum,
1173 879 1263 943 ficut›

219 961 341 1041 fascias,
380 963 474 1026 uibus
495 985 585 1026 crura
598 963 779 1040 vestiuntur,
795 976 828 1026 et
842 959 967 1040 focalia,
983 964 1150 1035 staurium
1167 963 1250 1049 liga-

219 1061 340 1125 menta,
357 987 426 1111 iola
446 1047 592 1113 excusare
614 1049 712 1147 potest
735 1047 893 1112 valetudo.
938 1048 1091 1112 Sedhaec
1114 1048 1250 1113 emidius

122 1163 123 1166 ¹
219 1132 406 1209 observatio,
428 1133 505 1196 dum
527 1133 739 1218 incipimus':
766 1133 1054 1218 procedentevero
1075 1133 1161 1212 ablu,
1178 1133 1250 1220 jam

218 1237 300 1300 pene
324 1219 364 1280 ab
389 1217 483 1281 initio
505 1217 704 1297 narrationis,
728 1217 810 1280 smus
833 1218 872 1282 ab
896 1217 1031 1284 humero
1052 1217 1136 1280 redte
1162 1218 1251 1284 velut
1325 1233 1328 1242 ’

161 1307 163 1314 “
217 1300 330 1385 sponte
351 1301 526 1367 delabitur:
550 1315 584 1366 et
605 1323 678 1366 cum
693 1303 733 1366 ad
754 1315 942 1398 argumenta
962 1323 998 1366 ac
1011 1302 1101 1366 locos
1115 1316 1249 1368 ventum

218 1387 273 1464 est,
288 1387 416 1474 rejicere
431 1411 449 1451 a
469 1388 584 1452 finiliro
602 1401 725 1474 togam,
741 1387 877 1474 dejicere
898 1387 1006 1466 etiam,
1023 1387 1042 1449 li
1063 1388 1193 1464 haereat,
1209 1390 1247 1451 s-

163 1492 205 1544 ¹45
220 1493 298 1534 num
326 1474 505 1557 conveniet.
549 1475 677 1536 Laevam
699 1496 718 1536 a
739 1470 886 1536 faucibus
908 1494 945 1536 ac
971 1472 1095 1535 summo
1122 1474 1251 1558 petiere

217 1556 376 1620 abducere
391 1559 477 1621 licet.
520 1559 643 1621 Ardent
655 1558 741 1621 enim
759 1556 826 1644 jam
842 1558 979 1620 omnia:
1006 1553 1049 1620 Et
1063 1570 1100 1620 ut
1115 1579 1177 1622 vox
1194 1581 1249 1623 ve-

172 1659 178 1672 '
218 1640 399 1708 hementior
419 1665 456 1706 ac
475 1643 578 1730 magis
599 1643 684 1706 varia
697 1644 750 1720 est,
767 1643 806 1705 fic
828 1642 963 1706 amittus
978 1663 1108 1730 quoque
1129 1643 1252 1706 habetss

163 1733 206 1796 ¹4⁶
220 1725 325 1790 adium
342 1727 512 1812 quemdam
528 1728 614 1791 velut
629 1727 837 1813 praeliantem.
882 1727 996 1812 Itaque
1017 1741 1053 1790 ut
1071 1726 1182 1790 laeram
1198 1729 1249 1792 in-

213 1811 345 1874 ·volvere
360 1826 447 1898 toga,
465 1827 498 1876 ct
511 1812 646 1900 incingi,
663 1833 743 1898 pene
759 1811 910 1876 furiosum
925 1814 987 1876 est:
1011 1813 1111 1875 finum
1126 1834 1201 1876 vero
1215 1813 1261 1878 in*
1291 1853 1295 1863 -

218 1895 365 1960 dextrum
381 1897 549 1962 humerum
565 1899 605 1960 ab
621 1898 687 1959 imo
701 1897 841 1983 rejicere,
856 1896 994 1960 solutum
1009 1894 1047 1960 ac
1063 1896 1247 1977 delicatum,

219 1979 363 2066 fiuntque
387 1982 492 2046 adbuc
515 1982 604 2070 pejus
625 1980 749 2067 aliqua:
774 1982 818 2044 ita
839 1979 897 2044 cur
916 1981 1067 2044 laxiorem
1089 1981 1187 2046 smum
1208 1985 1248 2046 fi-

218 2064 313 2128 nistro
327 2067 459 2131 brachio
481 2089 545 2130 non
568 2066 795 2152 subjiciamus?
820 2067 931 2130 Habet
952 2067 1042 2130 enim*
1060 2087 1130 2131 acre
1152 2067 1248 2152 quid-

219 2149 293 2212 dam
308 2162 405 2236 atque
418 2152 612 2237 expeditum,
628 2165 661 2215 et
676 2151 774 2215 calori
791 2151 1060 2236 concitationique
1075 2173 1138 2213 non
1155 2151 1249 2215 inha-

162 2253 206 2320 147
220 2235 295 2300 bile.
341 2237 424 2301 Cum
447 2259 521 2300 vero
543 2259 659 2323 magna
680 2257 750 2322 pars
771 2237 813 2298 est
834 2236 982 2299 exhausta
1002 2236 1165 2314 oraticula,
1183 2236 1248 2298 uti·

219 2341 284 2417 que
304 2319 432 2385 afflante
446 2321 583 2400 fortuna,
599 2343 680 2406 pene
695 2321 802 2383 omnia
815 2319 939 2398 decent,
957 2321 1049 2384 sudor
1070 2320 1132 2406 ipse
1148 2333 1181 2384 et
1202 2321 1249 2384 fa-

216 2404 344 2492 bgatio,
359 2419 393 2470 et
407 2407 622 2496 negligentior
636 2405 784 2486 umidius,
799 2419 833 2470 ct
853 2405 954 2470 soluta
974 2428 1011 2469 ac
1032 2405 1119 2470 velut
1139 2404 1250 2470 labens

188 2647 197 2673 x
248 2621 435 2672 “velandorum
447 2623 552 2672 alent.
570 2621 940 2672 aneorumneutracamlenio.
1009 2667 1014 2677 ‚
1047 2627 1203 2686 ‘appareant
1215 2623 1247 2674 G.

216 2683 452 2750 'incepimuslent
518 2687 680 2735 shabenttd.
1257 2703 1262 2712 ·

253 2884 313 2932 143.
333 2853 410 2920 Plinii
424 2865 539 2932 Secundi]
559 2867 614 2917 Sine
628 2866 707 2918 dubio
756 2863 795 2915 sus
807 2857 947 2925 humerum,
959 2874 983 2916 et
995 2863 1051 2916 binc
1063 2864 1174 2916 deorsum
1187 2883 1246 2938 aga.

217 2937 242 2987 in
259 2955 339 3005 opere,
352 2939 393 2988 cui
412 2935 515 3003 Studitfi¹
521 2935 624 2988 titulum
636 2935 706 2998 fecit,
756 2946 806 2991 tur,
819 2936 844 2984 in
856 2935 940 2986 lacerti
952 2935 1050 3002 regione
1062 2933 1194 3004 colligatur
1203 2955 1246 2988 ne-

215 3007 247 3057 de
257 3023 308 3074 quo
320 3005 393 3076 ipsius
405 3005 473 3058 filiun
487 3024 511 3070 3,
526 3023 551 3071 5,
566 3025 590 3071 5.
755 3004 812 3055 celle
823 3005 872 3068 est,
891 3004 962 3073 piane
978 3003 1087 3055 decidere
1098 3021 1147 3054 non
1159 3007 1245 3075 potest,

255 3091 314 3138 144.
336 3073 476 3140 Palliolum]
496 3076 533 3126 ea
552 3077 581 3126 iti
599 3087 705 3145 aegroto·
753 3073 797 3126 niti
815 3073 946 3125 subducere
962 3072 1079 3124 sinistram
1089 3091 1189 3126 manum
1203 3093 1247 3128 ve·
1301 3098 1311 3120 ι

216 3161 273 3196 rum
295 3145 440 3198 involvendo
462 3093 589 3196 serviebat.
626 3146 704 3198 ovid.
744 3143 796 3195 lis.
826 3145 882 3196 Hoc
894 3145 966 3194 nobis
977 3143 1108 3194 videbatur
1119 3143 1246 3214 srmplicis-

216 3213 279 3266 Art.
295 3232 319 3276 t,
332 3232 393 3278 733,
547 3215 550 3222 ⁴
753 3211 850 3265 fimum.
877 3213 977 3264 Lanam
993 3211 1091 3263 volebat
1104 3212 1244 3266 Ferrarius.

250 3285 349 3351 Arguat
370 3293 394 3334 et
416 3283 505 3336 macies
525 3283 644 3347 animum,
662 3302 705 3337 nec
753 3282 841 3350 Magis
863 3281 968 3352 placeret
990 3282 1128 3334 Bunnanni
1147 3284 1244 3349 conjec-

285 3361 355 3419 turpe
364 3353 463 3420 putaris
753 3362 818 3414 tura,
831 3352 916 3417 Laeva
931 3350 1024 3402 etiarn.-
1044 3350 1116 3404 facile
1133 3355 1198 3404 enim
1210 3352 1243 3406 est

250 3419 379 3472 Palliolum
390 3421 474 3474 nitidis
483 3419 609 3494 impofitiffl‘
621 3421 701 3478 comis.
750 3420 962 3500 togamsuuplere.
1036 3413 1039 3422 ¹
1251 3459 1255 3470 .

216 3489 272 3541 Sen.
291 3489 384 3561 Qaest.
398 3492 458 3541 Nat.
471 3507 498 3554 4,
518 3507 580 3544 extr.
609 3491 704 3543 Videbis
790 3493 849 3552 146.
873 3488 975 3556 incingi]
1000 3489 1035 3539 Ut
1052 3487 1153 3540 colleila
1170 3489 1195 3540 in
1212 3489 1242 3541 st-

214 3560 327 3630 quostiam
340 3558 457 3628 graciles,
469 3571 492 3610 er
504 3561 601 3629 palliolo
609 3560 703 3628 fhcali·
751 3559 853 3612 nistrum
864 3559 1003 3616 brachium,
1015 3569 1039 3607 et
1055 3557 1121 3608 circa
1132 3559 1242 3611 medium

214 3629 437 3698 quetircumdntns‚
445 3628 562 3697 pallentes
572 3640 596 3682 et
606 3627 693 3697 arras.
713 3636 716 3644 ’
750 3645 841 3698 corpus
858 3629 884 3679 in
900 3629 972 3678 velut
989 3626 1096 3677 bairum
1113 3629 1241 3681 constrilda

145 3707 147 3710 ’
251 3717 311 3762 144·
330 3697 431 3765 rejicere
449 3716 468 3749 a
480 3698 586 3819 sinissra]
607 3701 703 3769 Nempe
750 3711 820 3766 toga,
832 3699 905 3769 pedes
916 3713 974 3748 curn
989 3696 1075 3747 dextra
1085 3694 1130 3748 snt
1141 3698 1277 3768 expedi-J

213 3783 232 3817 a
241 3767 336 3838 sinistro
353 3767 455 3819 brachio
470 3786 512 3819 ver
523 3787 552 3820 us
572 3771 702 3820 humerum
750 3768 835 3820 tiores.

212 3837 313 3904 rejicere
332 3849 417 3906 togam
435 3838 522 3888 deceta
540 3849 565 3888 et
576 3839 667 3903 finum,
678 3837 705 3903 fi
789 3840 849 3902 146.
870 3833 1098 3903 sinum-rejicere]
1128 3835 1179 3906 Qi
1206 3838 1239 3888 ab

211 3905 239 3956 in
253 3907 339 3960 dextm
359 3907 461 3960 humero
477 3904 540 3958 forte
556 3907 659 3970 haereat,
671 3925 700 3959 ac
749 3906 821 3959 initio
845 3907 946 3975 quidem
969 3903 1129 3976 reverendus,
1148 3907 1240 3960 ‘deinde

211 3991 260 4026 non
271 3976 355 4045 sponte
368 3977 507 4037 delabatur,
517 3977 629 4046 dejicere.
749 3993 816 4039 vero,
837 3977 981 4046 pimedente
1000 3974 1104 4034 adierit,
1123 3973 1239 4040 dejicien-

248 4062 308 4110 ¹45·
327 4046 437 4100 Laevam
447 4063 465 4096 a
473 4045 603 4112 fannius]
626 4047 701 4099 intel·
748 4045 797 4096 dus
813 4047 897 4116 potius
914 4046 956 4104 est,
972 4043 988 4095 fi
1006 4059 1054 4094 non
1072 4042 1155 4112 sponte
1170 4043 1255 4096 dela·

210 4111 272 4181 ligo,
284 4124 379 4182 togam,
391 4117 417 4168 id
430 4116 462 4168 est
474 4116 567 4184 parterii
580 4128 646 4185 togae
657 4117 701 4168 lte·
749 4115 839 4185 batur,
851 4126 947 4166 tantum
962 4113 1035 4175 abest,
1048 4124 1077 4164 ut
1088 4113 1237 4168 revocandus

209 4197 277 4244 ram,
287 4183 308 4234 l.
320 4183 384 4236 laeve
394 4187 497 4236 humero
508 4185 701 4248 incumbentem,
748 4197 774 4238 et
784 4184 928 4254 rejiciendus
940 4183 978 4237 stt·

209 4267 268 4322 que
279 4267 337 4303 cum
348 4269 363 4304 a
379 4253 484 4309 brachio
495 4254 635 4320 retrorsum,
647 4272 700 4309 ver·

252 4337 341 4389 vot.
358 4340 406 4404 11,
621 4397 627 4406 ,
745 4339 770 4392 υ
