3014 4918
238 417 302 483 2³4
473 401 520 466 ur.
540 401 669 462 enarr
690 353 1046 464 outuerrtrtui

238 569 288 635 At
310 567 363 633 M.
387 565 532 643 Tullium,
554 587 624 630 norr-
642 563 734 632 illum
760 565 916 632 habemus
937 564 1168 655 Euphranorem
1187 563 1324 644 circata

237 654 377 756 plurium
400 651 517 716 artium
531 651 650 740 speeies
662 652 871 738 praestantem,
887 651 940 716 sed
961 652 995 716 in
1019 654 1181 734 omnibus,
1197 677 1271 743 quae

236 763 271 806 m
293 759 420 826 quoque
442 737 930 817 laudantur,eminentiffimum.
974 739 1086 803 Quem
1106 752 1212 804 tamen
1236 755 1272 807 et

236 827 365 891 luorum
389 822 537 888 homines
557 835 739 910 temporum
761 821 909 888 incellere
930 823 1089 888 audebant
1109 838 1146 888 ut
1170 827 1270 890 tumi-

236 911 372 989 diorem,
388 921 421 974 et
434 909 598 989 Alienum,
614 921 647 974 et
661 907 905 988 redundantem,
922 921 956 974 et
974 909 1005 972 in
1028 911 1271 996 repetitionibus

235 995 387 1074 nimium,
403 1006 436 1058 et
454 994 488 1058 in
507 993 623 1058 salibus
638 993 809 1080 aliquando
823 993 989 1080 frigidum,
1004 1005 1038 1058 et
1057 995 1091 1058 in
1113 998 1268 1083 compost-

235 1081 325 1146 tione
347 1080 494 1157 fradtunr,
508 1080 731 1158 exsultantem,
751 1101 788 1143 ac
813 1101 895 1166 pene
921 1079 1022 1166 (quod
1044 1081 1153 1166 procul
1176 1082 1267 1166 abfit)

235 1165 304 1231 viro
324 1163 517 1230 molliorem.
563 1167 668 1230 Postea
689 1187 764 1229 vero
786 1187 880 1250 quam
904 1164 1093 1229 triumvirali
1113 1166 1321 1256 proscrip-13

235 1253 325 1316 tione
351 1251 535 1316 consumtus
558 1251 613 1331 est,
629 1251 735 1336 paffim
762 1250 818 1337 qui
838 1249 983 1329 oderant,
999 1251 1054 1337 qui
1071 1251 1268 1333 invidebant,

233 1337 291 1424 qui
318 1336 560 1416 aemulabantur,
586 1335 767 1400 adulatores
793 1335 890 1399 etiam
915 1335 1076 1422 praesentis
1102 1338 1268 1434 potentiae,

235 1443 302 1487 non
327 1421 546 1508 responsurum
567 1420 758 1486 invaserunt.
803 1418 862 1484 llle
884 1432 1003 1499 tamen,
1024 1422 1079 1518 qui
1096 1421 1226 1522 jejunus
1250 1439 1270 1489 a'

235 1507 423 1593 quibusdam
443 1519 477 1570 et
494 1504 600 1570 aridus
619 1507 767 1584 habetur,
782 1527 847 1568 uon
866 1503 957 1570 aliter
977 1505 1017 1568 ab
1037 1507 1107 1606 rosis
1129 1508 1272 1574 mimicis

234 1592 318 1656 male
342 1591 463 1670 audire,
479 1613 577 1678 quam
602 1590 709 1655 nimiis
735 1589 868 1656 floribus
887 1602 923 1654 et
944 1589 1068 1682 ingena
1092 1591 1268 1674 affluentia,

234 1676 350 1764 potuit.
396 1676 520 1741 Falsum
536 1690 725 1764 utrumque3
741 1675 795 1740 sed
809 1687 915 1740 tamen
932 1674 988 1741 illa
1001 1676 1178 1742 mentiendi
1193 1699 1269 1766 pro-

234 1762 304 1850 pior
328 1762 460 1828 occeio.
503 1762 664 1849 Praecipue
688 1783 762 1826 vero
783 1761 956 1848 presserunt
978 1783 1066 1841 eum,
1088 1763 1145 1847 qui
1168 1763 1266 1828 videri
1283 1781 1325 1854 14

234 1847 420 1912 Atticorum
443 1847 620 1912 imitatores
634 1845 861 1932 concupierant
872 1858 897 1910 t.
943 1849 1025 1912 Hae
1040 1870 1166 1926 manua,
1181 1850 1267 1936 quast

256 1931 422 1998 uibusdam
437 1933 530 1997 saeris
542 1933 645 2013 initia,
661 1944 698 1998 ut
710 1946 719 1973 ¹
734 1931 960 2020 alienigenam,
976 1945 1010 1996 et
1024 1932 1146 1997 virum⁸
1159 1929 1267 2020 super-

254 2019 399 2099 ¹tioium,
414 2018 663 2108 devinttumqne
677 2017 742 2082 illis
756 2016 882 2107 legibus
897 2017 1149 2105 insequebatur&
1194 2021 1265 2086 Un·
1282 2032 1322 2111 15

266 2197 279 2230 t
297 2191 474 2252 concupienmt
485 2191 516 2239 G.
602 2199 612 2225 τ
628 2189 667 2237 vel
678 2189 709 2238 G.
797 2196 806 2221 ¹
824 2203 911 2250 pamm
921 2189 1043 2236 statiolum
1056 2191 1082 2238 V.
1096 2190 1124 2240 G.
1135 2189 1200 2241 Alm.
1215 2205 1268 2244 me.

234 2263 327 2308 norum
338 2257 453 2319 superstit.
465 2257 521 2306 Obr.
586 2255 595 2285 ²
612 2254 797 2316 insequebantur
807 2255 871 2304 leus.
882 2271 922 2301 m
933 2253 998 2304 male.
1012 2254 1106 2324 *imfi-
1353 2253 1356 2261 '

271 2447 314 2494 13·
327 2427 408 2480 nimiis
410 2427 526 2496 floribus]
544 2427 673 2498 Compara
682 2445 725 2490 ro,
774 2436 857 2478 autem
867 2424 985 2496 quasdam
995 2423 1097 2488 referat,
1109 2428 1176 2498 qnod
1194 2429 1269 2499 paul.

237 2501 315 2561 1,62‚
327 2511 350 2550 et
359 2499 420 2550 adde
428 2500 458 2551 de
468 2499 586 2550 Cicerone
598 2517 639 2558 12,
649 2516 659 2548 r
665 2516 723 2557 ,22.
774 2495 799 2550 lo
816 2508 871 2548 ante
887 2496 918 2550 de
934 2497 1019 2552 eodem
1035 2497 1140 2560 dicitur,
1158 2499 1266 2552 Accura-

273 2585 315 2630 14·
328 2567 404 2620 alieni
419 2585 498 2630 enam,
512 2577 536 2619 et
546 2566 726 2637 virumsuper·
774 2565 822 2618 tius
839 2567 958 2635 quoddam
973 2566 1068 2620 dicendi
1086 2578 1111 2620 et
1127 2568 1266 2639 exqro'ſstius

225 2635 358 2708 stitiosum]
372 2586 548 2705 Alimigenam,
560 2637 661 2690 minime
674 2638 726 2689 At.
772 2635 902 2702 adferebat
915 2653 1012 2705 genuse
1035 2637 1100 2706 qood
1116 2655 1267 2709 quamquam

234 2707 324 2768 titum,
336 2707 374 2758 sod
387 2707 487 2759 alterius
506 2709 601 2776 generis
613 2723 642 2758 ex
654 2705 724 2758 Atia.
766 2705 875 2776 scienter
889 2705 1059 2777 'eleganterque
1076 2708 1215 2770 tradebat,
1227 2709 1268 2760 ni·

234 2776 281 2828 Sed
298 2776 361 2845 quid
381 2777 426 2828 ilbi
444 2776 501 2829 vult
512 2775 648 2846 sirperstr'tio
658 2774 726 2827 um?
773 2775 850 2828 rrrr'urrr
867 2785 949 2828 tamen
968 2776 1093 2846 inquirens
1106 2777 1180 2848 irrse,
1192 2787 1267 2848 atque

234 2847 358 2901 Veniebat
378 2847 405 2898 in
424 2859 540 2908 mentem,
555 2847 633 2915 strper
655 2845 727 2916 ‘tiosos
773 2843 822 2915 ipse
833 2847 887 2918 sese
906 2845 1048 2916 observans,
1065 2851 1214 2920 metueretque
1234 2865 1266 2902 ne

233 2915 267 2967 ab
286 2917 401 2985 eoquod
415 2916 548 2986 steperstat‚
566 2915 678 2984 superest,
699 2933 726 2966 a·
774 2913 890 2985 vitiosum
916 2915 1046 2984 colligeret,
1068 2915 1144 2969 etiam
1172 2931 1270 2970 verunt

234 2987 340 3047 bundat,
357 2985 437 3037 ditlos
454 2986 531 3038 rideri
550 2985 643 3045 Servio,
657 2985 725 3050 quod
766 2983 914 3054 sanguinem
924 2985 1079 3054 deperdebat.
1104 2987 1179 3048 Item,
1192 2987 1266 3040 Sani-

233 3051 725 3126 probatinEtymologicoG.l.Volliue.
774 3057 864 3115 tatem,
878 3063 904 3104 et
924 3053 1098 3121 integritatem,
1118 3054 1185 3126 quast
1206 3055 1265 3108 reli-

233 3123 304 3195 Qid
317 3124 333 3176 ti
346 3126 424 3194 igitur
429 3123 613 3194 superstitiofiorr
623 3139 726 3174 rotave·
770 3119 867 3190 g'ionem
878 3132 901 3174 et
912 3122 1086 3175 verecundiam
1097 3126 1212 3193 probant,
1224 3126 1268 3178 sed

233 3195 283 3246 rint
302 3195 348 3245 hoc
360 3191 426 3244 sensu
445 3195 599 3254 Ciceronem,
611 3193 638 3242 h.
651 3209 674 3244 e.
688 3193 727 3245 'ni-
775 3193 890 3244 incidunt
908 3195 933 3244 in
954 3209 1032 3260 genus
1044 3193 1170 3260 fractum,
1184 3193 1264 3246 minu-

235 3265 283 3315 mis
302 3263 478 3324 abundantem,
495 3273 518 3314 et
539 3261 727 3314 ultramodum
775 3271 836 3322 trem,
859 3261 885 3312 in
906 3260 960 3330 ipsa
981 3260 1140 3330 concinnitate
1157 3262 1264 3331 puerile.

233 3334 355 3403 plenum?
384 3331 430 3382 Sed
447 3333 482 3382 ita
493 3348 542 3382 non
553 3331 679 3400 respondet
690 3331 726 3382 al-
774 3329 901 3383 Ponamns
919 3329 994 3382 etiarn
1013 3337 1043 3383 e'x
1060 3333 1132 3384 Orat.
1147 3336 1174 3393 θ’,
1190 3335 1265 3386 Atti·

233 3416 315 3454 terum
328 3401 390 3453 illud
402 3400 545 3453 deviatione
555 3397 656 3468 legibue.
677 3401 726 3452 Ni·
774 3417 860 3453 corum
872 3399 940 3452 illam
956 3400 1075 3452 rationem
1093 3419 1151 3454 curn
1168 3400 1212 3454 sun
1222 3421 1264 3456 ex.

234 3473 271 3524 hil
294 3474 379 3540 itaque
402 3471 460 3522 novi
483 3471 572 3522 retliue
595 3487 634 3530 eo,
658 3471 726 3538 quod
775 3467 837 3522 teliu
860 3468 899 3521 vel
921 3469 948 3521 in
976 3487 1084 3538 pravum,
1108 3471 1267 3526 deflexionee
1371 3491 1373 3499 ’

232 3543 416 3596 celeberrimus
439 3539 597 3592 Burmannus
618 3541 726 3602 monuit,
774 3537 949 3605 Atheniensium
963 3541 1062 3609 semper
1081 3539 1138 3608 fuit
1156 3543 1267 3610 prudent

234 3613 285 3682 legi
307 3611 373 3683 polle
392 3619 416 3660 et
434 3619 526 3677 porum
540 3607 727 3678 superstitiosum
766 3607 934 3678 stateramque
946 3609 1186 3678 jadiciunt-earum¹
1207 3611 1265 3662 reli-

235 3685 285 3735 &c.
311 3681 437 3734 Nimirum
450 3680 535 3730 Attici
548 3679 594 3738 illi,
607 3678 652 3746 qui
663 3677 725 3730 solor
773 3678 843 3746 gioni
853 3696 906 3730 curn
908 3678 1022 3749 serviret
1030 3679 1264 3732 orator-c.8.Ad

234 3754 257 3803 le
269 3753 315 3803 hoc
327 3750 425 3802 nomine
441 3749 492 3800 dici
504 3747 628 3808 volebant,
636 3749 726 3868 soser-
774 3747 908 3801 Atticorum
918 3765 991 3800 aures
1001 3758 1088 3800 teretes
1103 3757 1128 3798 et
1138 3747 1264 3818 religiosae

225 3821 313 3893 stitioſs
328 3830 396 3872 erant
408 3830 432 3870 et
443 3816 555 3871 devindb'
567 3816 662 3885 quibus
676 3835 725 3879 arn,
773 3815 853 3886 quise
872 3819 1058 3880 accomodaret,
1073 3817 1093 3869 ii
1104 3819 1165 3887 sunt
1181 3815 1264 3892 axilli-

234 3909 297 3960 quas
326 3890 456 3948 finxerant,
484 3888 583 3939 dicendi
613 3886 723 3955 legibus.
773 3887 859 3938 mandi
874 3887 954 3939 Attice
964 3887 1052 3940 dicere.
1084 3888 1125 3938 Ita
1141 3895 1224 3938 termes
1240 3898 1265 3942 et
1284 3892 1302 3929 ‘-

234 3963 384 4029 His'parurn
394 3959 478 4010 similis
490 3969 541 4009 erat
551 3957 649 4008 Cicero.
663 3957 725 4008 Pro·
772 3953 950 4026 circumspectos
972 3973 1031 4008 mox
1051 3967 1125 4008 vocat
1142 3956 1220 4008 noster
1242 3957 1264 4010 1.

233 4033 321 4082 bemus
333 4029 394 4079 illud
406 4045 435 4079 ex
446 4026 546 4078 laudato
556 4025 631 4078 modo
641 4025 725 4078 Tullii
775 4043 819 4089 η.
849 4027 912 4080 Haec
932 4026 977 4094 qui
997 4027 1143 4094 sequuntur,
1161 4027 1188 4078 in
1209 4025 1264 4082 hato

234 4101 324 4159 Bruto,
337 4115 359 4149 c.
374 4101 416 4158 oz,
433 4096 477 4148 ubi
493 4097 524 4147 de
545 4095 634 4157 Calvo,
645 4095 687 4164 qtre'
695 4097 727 4164 se
775 4097 819 4162 qui
831 4096 953 4155 incidunt,
966 4095 997 4146 iis
1010 4096 1099 4146 Cicero
1115 4094 1265 4164 alienigena,

235 4169 341 4222 Atticum
361 4164 409 4218 dici
431 4163 541 4226 volebat,
563 4166 615 4232 ejus
636 4165 724 4226 oratio,
769 4157 863 4230 poru'm
874 4163 1057 4234 steperstitiosur‚
1066 4173 1156 4232 parum
1173 4164 1265 4238 legibus

234 4240 328 4376 liwir,
340 4235 423 4376 rhemio)
433 4233 547 4356 religione
565 4235 726 4357 (eaAqgriIdem
774 4232 825 4286 illie
837 4233 885 4287 suis
895 4234 1028 4288 deviodlus
1036 4235 1151 4293 videtur.
1181 4285 1182 4288 ,

232 4327 245 4359 e
291 4316 351 4377 uper
368 4317 410 4357 etto
436 4322 453 4356 a
488 4321 575 4356 nuao.
672 4321 726 4373 eges
