<?xml version="1.0" encoding="UTF-8"?>
<!DOCTYPE html PUBLIC "-//W3C//DTD XHTML 1.0 Transitional//EN"
    "http://www.w3.org/TR/xhtml1/DTD/xhtml1-transitional.dtd">
<html xmlns="http://www.w3.org/1999/xhtml" xml:lang="en" lang="en">
 <head>
  <title>
</title>
<meta http-equiv="Content-Type" content="text/html;charset=utf-8" />
  <meta name='ocr-system' content='tesseract 3.04.00' />
  <meta name='ocr-capabilities' content='ocr_page ocr_carea ocr_par ocr_line ocrx_word'/>
</head>
<body>
  <div class='ocr_page' id='page_1' title='image "./mfabiiquinctili00gesngoog_0250.png"; bbox 0 0 3020 4918; ppageno 0'>
   <div class='ocr_carea' id='block_1_1' title="bbox 257 375 1054 457">
    <p class='ocr_par' dir='ltr' id='par_1_1' title="bbox 257 375 1054 457">
     <span class='ocr_line' id='line_1_1' title="bbox 257 375 1054 457; baseline -0.008 -15"><span class='ocrx_word' id='word_1_1' title='bbox 257 395 315 457; x_wconf 65' lang='grc' dir='ltr'><strong>ψ</strong></span> <span class='ocrx_word' id='word_1_2' title='bbox 491 377 535 440; x_wconf 82' lang='lat' dir='ltr'>u.</span> <span class='ocrx_word' id='word_1_3' title='bbox 555 375 680 438; x_wconf 75' lang='lat' dir='ltr'>rnen</span> <span class='ocrx_word' id='word_1_4' title='bbox 702 375 1054 438; x_wconf 71' lang='lat' dir='ltr'>ourncrrmnur</span> 
     </span>
    </p>
   </div>
   <div class='ocr_carea' id='block_1_2' title="bbox 260 539 1379 3631">
    <p class='ocr_par' dir='ltr' id='par_1_2' title="bbox 260 539 1379 3631">
     <span class='ocr_line' id='line_1_2' title="bbox 260 539 1296 632; baseline -0.003 -23"><span class='ocrx_word' id='word_1_5' title='bbox 260 543 304 609; x_wconf 81' lang='lat' dir='ltr'>nb</span> <span class='ocrx_word' id='word_1_6' title='bbox 313 557 330 586; x_wconf 79' lang='lat'>¹⁸</span> <span class='ocrx_word' id='word_1_7' title='bbox 343 543 422 632; x_wconf 75' lang='lat' dir='ltr'>ipso,</span> <span class='ocrx_word' id='word_1_8' title='bbox 435 539 579 608; x_wconf 60' lang='lat' dir='ltr'>saeue:</span> <span class='ocrx_word' id='word_1_9' title='bbox 603 555 746 608; x_wconf 88' lang='lat' dir='ltr'>ceterum</span> <span class='ocrx_word' id='word_1_10' title='bbox 766 564 807 606; x_wconf 83' lang='lat' dir='ltr'>ex</span> <span class='ocrx_word' id='word_1_11' title='bbox 820 541 935 620; x_wconf 81' lang='lat' dir='ltr'>cauffa,</span> <span class='ocrx_word' id='word_1_12' title='bbox 949 555 988 606; x_wconf 91' lang='lat' dir='ltr'>ut</span> <span class='ocrx_word' id='word_1_13' title='bbox 1009 563 1146 628; x_wconf 70' lang='lat' dir='ltr'>queque</span> <span class='ocrx_word' id='word_1_14' title='bbox 1162 539 1296 628; x_wconf 87' lang='lat' dir='ltr'>permit-</span> 
     </span>
     <span class='ocr_line' id='line_1_3' title="bbox 261 625 1299 718; baseline -0.002 -24"><span class='ocrx_word' id='word_1_15' title='bbox 261 643 324 709; x_wconf 82' lang='lat' dir='ltr'>tet,</span> <span class='ocrx_word' id='word_1_16' title='bbox 338 643 394 694; x_wconf 83' lang='lat' dir='ltr'>aut</span> <span class='ocrx_word' id='word_1_17' title='bbox 414 630 560 718; x_wconf 74' lang='lat' dir='ltr'>ignorate</span> <span class='ocrx_word' id='word_1_18' title='bbox 580 628 741 715; x_wconf 69' lang='lat' dir='ltr'>quedem,</span> <span class='ocrx_word' id='word_1_19' title='bbox 764 639 821 692; x_wconf 83' lang='lat' dir='ltr'>aut</span> <span class='ocrx_word' id='word_1_20' title='bbox 839 625 970 692; x_wconf 79' lang='lat' dir='ltr'>defuiffe</span> <span class='ocrx_word' id='word_1_21' title='bbox 989 628 1094 706; x_wconf 78' lang='lat' dir='ltr'>testes,</span> <span class='ocrx_word' id='word_1_22' title='bbox 1116 641 1171 692; x_wconf 83' lang='lat' dir='ltr'>aut</span> <span class='ocrx_word' id='word_1_23' title='bbox 1196 626 1299 714; x_wconf 90' lang='lat' dir='ltr'>(quod</span> 
     </span>
     <span class='ocr_line' id='line_1_4' title="bbox 265 711 1295 799; baseline -0.005 -20"><span class='ocrx_word' id='word_1_24' title='bbox 265 714 472 791; x_wconf 84' lang='lat' dir='ltr'>timidiffime,</span> <span class='ocrx_word' id='word_1_25' title='bbox 491 727 525 778; x_wconf 88' lang='lat' dir='ltr'>et</span> <span class='ocrx_word' id='word_1_26' title='bbox 546 713 565 776; x_wconf 88' lang='lat' dir='ltr'>fi</span> <span class='ocrx_word' id='word_1_27' title='bbox 590 711 672 778; x_wconf 88' lang='lat' dir='ltr'>nibil</span> <span class='ocrx_word' id='word_1_28' title='bbox 695 713 784 778; x_wconf 77' lang='lat' dir='ltr'>aliud</span> <span class='ocrx_word' id='word_1_29' title='bbox 806 712 903 799; x_wconf 80' lang='lat' dir='ltr'>plane</span> <span class='ocrx_word' id='word_1_30' title='bbox 924 711 1032 792; x_wconf 82' lang='lat' dir='ltr'>fuerit,</span> <span class='ocrx_word' id='word_1_31' title='bbox 1045 712 1218 778; x_wconf 86' lang='lat' dir='ltr'>dicendum</span> <span class='ocrx_word' id='word_1_32' title='bbox 1237 713 1295 794; x_wconf 85' lang='lat' dir='ltr'>cst)</span> 
     </span>
     <span class='ocr_line' id='line_1_5' title="bbox 264 795 1355 888; baseline -0.002 -24"><span class='ocrx_word' id='word_1_33' title='bbox 264 813 416 888; x_wconf 79' lang='lat' dir='ltr'>patronos</span> <span class='ocrx_word' id='word_1_34' title='bbox 446 821 510 864; x_wconf 86' lang='lat' dir='ltr'>non</span> <span class='ocrx_word' id='word_1_35' title='bbox 537 798 750 878; x_wconf 67' lang='lat' dir='ltr'>r‘atisfeeiffm,</span> <span class='ocrx_word' id='word_1_36' title='bbox 779 798 979 864; x_wconf 68' lang='lat' dir='ltr'>succurrere.</span> <span class='ocrx_word' id='word_1_37' title='bbox 1033 798 1140 862; x_wconf 81' lang='lat' dir='ltr'>Etiam</span> <span class='ocrx_word' id='word_1_38' title='bbox 1167 800 1187 862; x_wconf 87' lang='lat' dir='ltr'>fi</span> <span class='ocrx_word' id='word_1_39' title='bbox 1212 795 1355 884; x_wconf 83' lang='lat' dir='ltr'>apud78·</span> 
     </span>
     <span class='ocr_line' id='line_1_6' title="bbox 265 883 1298 986; baseline -0.005 -35"><span class='ocrx_word' id='word_1_40' title='bbox 265 886 347 951; x_wconf 72' lang='lat' dir='ltr'>elios</span> <span class='ocrx_word' id='word_1_41' title='bbox 361 884 492 986; x_wconf 85' lang='lat' dir='ltr'>judices</span> <span class='ocrx_word' id='word_1_42' title='bbox 514 897 640 972; x_wconf 80' lang='lat' dir='ltr'>egemr,</span> <span class='ocrx_word' id='word_1_43' title='bbox 654 895 693 950; x_wconf 91' lang='lat' dir='ltr'>ut</span> <span class='ocrx_word' id='word_1_44' title='bbox 710 885 745 948; x_wconf 89' lang='lat' dir='ltr'>in</span> <span class='ocrx_word' id='word_1_45' title='bbox 761 883 899 948; x_wconf 84' lang='lat' dir='ltr'>secunda</span> <span class='ocrx_word' id='word_1_46' title='bbox 911 883 1089 962; x_wconf 83' lang='lat' dir='ltr'>affertione,</span> <span class='ocrx_word' id='word_1_47' title='bbox 1101 895 1158 948; x_wconf 86' lang='lat' dir='ltr'>aut</span> <span class='ocrx_word' id='word_1_48' title='bbox 1172 883 1206 946; x_wconf 87' lang='lat' dir='ltr'>in</span> <span class='ocrx_word' id='word_1_49' title='bbox 1221 905 1298 947; x_wconf 90' lang='lat' dir='ltr'>cen·</span> 
     </span>
     <span class='ocr_line' id='line_1_7' title="bbox 266 967 1301 1056; baseline -0.005 -21"><span class='ocrx_word' id='word_1_50' title='bbox 266 970 491 1036; x_wconf 77' lang='lat' dir='ltr'>rumvmlibus</span> <span class='ocrx_word' id='word_1_51' title='bbox 510 969 653 1056; x_wconf 77' lang='lat' dir='ltr'>judiciis,</span> <span class='ocrx_word' id='word_1_52' title='bbox 675 968 871 1056; x_wconf 72' lang='lat' dir='ltr'>duplicibuS,</span> <span class='ocrx_word' id='word_1_53' title='bbox 895 981 985 1055; x_wconf 86' lang='lat' dir='ltr'>parte</span> <span class='ocrx_word' id='word_1_54' title='bbox 1013 967 1107 1048; x_wconf 71' lang='lat' dir='ltr'>vidie,</span> <span class='ocrx_word' id='word_1_55' title='bbox 1133 967 1301 1035; x_wconf 79' lang='lat' dir='ltr'>decentius</span> 
     </span>
     <span class='ocr_line' id='line_1_8' title="bbox 268 1052 1302 1144; baseline -0.005 -23"><span class='ocrx_word' id='word_1_56' title='bbox 268 1055 341 1137; x_wconf 85' lang='lat' dir='ltr'>erit,</span> <span class='ocrx_word' id='word_1_57' title='bbox 362 1057 489 1144; x_wconf 83' lang='lat' dir='ltr'>quoties</span> <span class='ocrx_word' id='word_1_58' title='bbox 511 1054 720 1142; x_wconf 72' lang='lat' dir='ltr'>contigeritr,</span> <span class='ocrx_word' id='word_1_59' title='bbox 732 1054 854 1120; x_wconf 72' lang='lat' dir='ltr'>serrare</span> <span class='ocrx_word' id='word_1_60' title='bbox 872 1052 1023 1139; x_wconf 89' lang='lat' dir='ltr'>judicum</span> <span class='ocrx_word' id='word_1_61' title='bbox 1048 1053 1226 1140; x_wconf 80' lang='lat' dir='ltr'>pudorem:</span> <span class='ocrx_word' id='word_1_62' title='bbox 1259 1052 1302 1117; x_wconf 86' lang='lat' dir='ltr'>de</span> 
     </span>
     <span class='ocr_line' id='line_1_9' title="bbox 267 1137 1304 1228; baseline -0.007 -20"><span class='ocrx_word' id='word_1_63' title='bbox 267 1163 333 1228; x_wconf 77' lang='lat' dir='ltr'>que</span> <span class='ocrx_word' id='word_1_64' title='bbox 352 1165 389 1206; x_wconf 88' lang='lat' dir='ltr'>re</span> <span class='ocrx_word' id='word_1_65' title='bbox 412 1141 509 1208; x_wconf 80' lang='lat' dir='ltr'>letius</span> <span class='ocrx_word' id='word_1_66' title='bbox 529 1140 586 1204; x_wconf 71' lang='lat' dir='ltr'>inr</span> <span class='ocrx_word' id='word_1_67' title='bbox 611 1139 837 1227; x_wconf 74' lang='lat' dir='ltr'>probationum</span> <span class='ocrx_word' id='word_1_68' title='bbox 858 1137 932 1202; x_wconf 90' lang='lat' dir='ltr'>loco</span> <span class='ocrx_word' id='word_1_69' title='bbox 953 1139 1078 1204; x_wconf 72' lang='lat' dir='ltr'>dictum</span> <span class='ocrx_word' id='word_1_70' title='bbox 1103 1139 1157 1203; x_wconf 87' lang='lat' dir='ltr'>est.</span> <span class='ocrx_word' id='word_1_71' title='bbox 1201 1138 1304 1202; x_wconf 82' lang='lat' dir='ltr'>Potest</span> 
     </span>
     <span class='ocr_line' id='line_1_10' title="bbox 269 1221 1304 1312; baseline -0.008 -18"><span class='ocrx_word' id='word_1_72' title='bbox 269 1227 408 1305; x_wconf 82' lang='lat' dir='ltr'>evenire,</span> <span class='ocrx_word' id='word_1_73' title='bbox 428 1241 465 1292; x_wconf 92' lang='lat' dir='ltr'>ut</span> <span class='ocrx_word' id='word_1_74' title='bbox 487 1226 520 1289; x_wconf 89' lang='lat' dir='ltr'>in</span> <span class='ocrx_word' id='word_1_75' title='bbox 544 1225 616 1290; x_wconf 78' lang='lat' dir='ltr'>aliis</span> <span class='ocrx_word' id='word_1_76' title='bbox 638 1223 900 1312; x_wconf 76' lang='lat' dir='ltr'>reprehendendo</span> <span class='ocrx_word' id='word_1_77' title='bbox 920 1224 991 1301; x_wconf 86' lang='lat' dir='ltr'>fint,</span> <span class='ocrx_word' id='word_1_78' title='bbox 1013 1245 1085 1310; x_wconf 81' lang='lat' dir='ltr'>quae</span> <span class='ocrx_word' id='word_1_79' title='bbox 1107 1224 1164 1310; x_wconf 83' lang='lat' dir='ltr'>ipfi</span> <span class='ocrx_word' id='word_1_80' title='bbox 1189 1221 1304 1288; x_wconf 85' lang='lat' dir='ltr'>seceri-</span> 
     </span>
     <span class='ocr_line' id='line_1_11' title="bbox 270 1308 1304 1398; baseline -0.003 -22"><span class='ocrx_word' id='word_1_81' title='bbox 270 1333 364 1378; x_wconf 77' lang='lat' dir='ltr'>mue:</span> <span class='ocrx_word' id='word_1_82' title='bbox 390 1325 428 1376; x_wconf 91' lang='lat' dir='ltr'>ut</span> <span class='ocrx_word' id='word_1_83' title='bbox 449 1309 562 1398; x_wconf 84' lang='lat' dir='ltr'>objicit</span> <span class='ocrx_word' id='word_1_84' title='bbox 585 1311 718 1376; x_wconf 86' lang='lat' dir='ltr'>Tubero</span> <span class='ocrx_word' id='word_1_85' title='bbox 738 1310 880 1395; x_wconf 80' lang='lat' dir='ltr'>Ligario,</span> <span class='ocrx_word' id='word_1_86' title='bbox 905 1311 987 1396; x_wconf 84' lang='lat' dir='ltr'>quod</span> <span class='ocrx_word' id='word_1_87' title='bbox 1011 1309 1043 1372; x_wconf 76' lang='lat' dir='ltr'>in</span> <span class='ocrx_word' id='word_1_88' title='bbox 1067 1309 1177 1396; x_wconf 84' lang='lat' dir='ltr'>Africa</span> <span class='ocrx_word' id='word_1_89' title='bbox 1189 1308 1304 1394; x_wconf 80' lang='lat' dir='ltr'>suerit.</span> 
     </span>
     <span class='ocr_line' id='line_1_12' title="bbox 270 1392 1362 1481; baseline -0.005 -17"><span class='ocrx_word' id='word_1_90' title='bbox 270 1399 314 1464; x_wconf 85' lang='lat' dir='ltr'>Et</span> <span class='ocrx_word' id='word_1_91' title='bbox 335 1398 496 1462; x_wconf 82' lang='lat' dir='ltr'>ambitus·</span> <span class='ocrx_word' id='word_1_92' title='bbox 517 1395 667 1481; x_wconf 75' lang='lat' dir='ltr'>quidam‘</span> <span class='ocrx_word' id='word_1_93' title='bbox 691 1394 846 1472; x_wconf 86' lang='lat' dir='ltr'>damuati,</span> <span class='ocrx_word' id='word_1_94' title='bbox 871 1392 1093 1479; x_wconf 82' lang='lat' dir='ltr'>recuperaudae</span> <span class='ocrx_word' id='word_1_95' title='bbox 1116 1394 1305 1479; x_wconf 65' lang='lat' dir='ltr'>diguitatis*¹</span> <span class='ocrx_word' id='word_1_96' title='bbox 1319 1409 1362 1480; x_wconf 84' lang='lat'>79</span> 
     </span>
     <span class='ocr_line' id='line_1_13' title="bbox 312 1477 1307 1566; baseline -0.005 -19"><span class='ocrx_word' id='word_1_97' title='bbox 312 1484 377 1548; x_wconf 78' lang='lat' dir='ltr'>etia</span> <span class='ocrx_word' id='word_1_98' title='bbox 403 1503 475 1546; x_wconf 78' lang='lat' dir='ltr'>reos</span> <span class='ocrx_word' id='word_1_99' title='bbox 499 1478 638 1566; x_wconf 88' lang='lat' dir='ltr'>ejusdem</span> <span class='ocrx_word' id='word_1_100' title='bbox 669 1477 811 1544; x_wconf 90' lang='lat' dir='ltr'>criminis</span> <span class='ocrx_word' id='word_1_101' title='bbox 838 1478 1036 1557; x_wconf 86' lang='lat' dir='ltr'>detulerunt,</span> <span class='ocrx_word' id='word_1_102' title='bbox 1063 1491 1102 1544; x_wconf 87' lang='lat' dir='ltr'>ut</span> <span class='ocrx_word' id='word_1_103' title='bbox 1129 1480 1162 1544; x_wconf 89' lang='lat' dir='ltr'>in</span> <span class='ocrx_word' id='word_1_104' title='bbox 1192 1477 1307 1550; x_wconf 87' lang='lat' dir='ltr'>scholis</span> 
     </span>
     <span class='ocr_line' id='line_1_14' title="bbox 287 1561 1308 1652; baseline -0.006 -18"><span class='ocrx_word' id='word_1_105' title='bbox 287 1569 487 1634; x_wconf 82' lang='lat' dir='ltr'>uxuriantem</span> <span class='ocrx_word' id='word_1_106' title='bbox 512 1578 635 1652; x_wconf 87' lang='lat' dir='ltr'>patrem</span> <span class='ocrx_word' id='word_1_107' title='bbox 657 1563 836 1630; x_wconf 87' lang='lat' dir='ltr'>luxuriosus</span> <span class='ocrx_word' id='word_1_108' title='bbox 857 1563 921 1652; x_wconf 86' lang='lat' dir='ltr'>ipse</span> <span class='ocrx_word' id='word_1_109' title='bbox 940 1563 1068 1650; x_wconf 88' lang='lat' dir='ltr'>juvenis</span> <span class='ocrx_word' id='word_1_110' title='bbox 1086 1561 1222 1629; x_wconf 75' lang='lat' dir='ltr'>accusat.</span> <span class='ocrx_word' id='word_1_111' title='bbox 1268 1563 1308 1628; x_wconf 89' lang='lat' dir='ltr'>ld</span> 
     </span>
     <span class='ocr_line' id='line_1_15' title="bbox 268 1647 1307 1740; baseline -0.007 -21"><span class='ocrx_word' id='word_1_112' title='bbox 268 1675 369 1740; x_wconf 84' lang='lat' dir='ltr'>quem</span> <span class='ocrx_word' id='word_1_113' title='bbox 390 1653 542 1730; x_wconf 84' lang='lat' dir='ltr'>decenter</span> <span class='ocrx_word' id='word_1_114' title='bbox 555 1649 623 1717; x_wconf 84' lang='lat' dir='ltr'>fieri</span> <span class='ocrx_word' id='word_1_115' title='bbox 640 1649 744 1737; x_wconf 87' lang='lat' dir='ltr'>poffit,</span> <span class='ocrx_word' id='word_1_116' title='bbox 758 1649 911 1735; x_wconf 85' lang='lat' dir='ltr'>equidem</span> <span class='ocrx_word' id='word_1_117' title='bbox 926 1671 991 1712; x_wconf 88' lang='lat' dir='ltr'>nou</span> <span class='ocrx_word' id='word_1_118' title='bbox 1012 1649 1153 1728; x_wconf 85' lang='lat' dir='ltr'>invenio,</span> <span class='ocrx_word' id='word_1_119' title='bbox 1171 1649 1226 1712; x_wconf 84' lang='lat' dir='ltr'>nifi</span> <span class='ocrx_word' id='word_1_120' title='bbox 1247 1647 1307 1712; x_wconf 90' lang='lat' dir='ltr'>ali-</span> 
     </span>
     <span class='ocr_line' id='line_1_16' title="bbox 272 1734 1345 1825; baseline -0.005 -23"><span class='ocrx_word' id='word_1_121' title='bbox 272 1739 380 1825; x_wconf 84' lang='lat' dir='ltr'>quid¹</span> <span class='ocrx_word' id='word_1_122' title='bbox 410 1735 593 1822; x_wconf 77' lang='lat' dir='ltr'>reperiatur,</span> <span class='ocrx_word' id='word_1_123' title='bbox 619 1735 708 1822; x_wconf 91' lang='lat' dir='ltr'>quod</span> <span class='ocrx_word' id='word_1_124' title='bbox 735 1734 867 1811; x_wconf 78' lang='lat' dir='ltr'>interfit,</span> <span class='ocrx_word' id='word_1_125' title='bbox 898 1736 1034 1822; x_wconf 83' lang='lat' dir='ltr'>persona,</span> <span class='ocrx_word' id='word_1_126' title='bbox 1063 1748 1152 1814; x_wconf 82' lang='lat' dir='ltr'>aetas,</span> <span class='ocrx_word' id='word_1_127' title='bbox 1184 1747 1307 1821; x_wconf 78' lang='lat' dir='ltr'>tempus,</span> <span class='ocrx_word' id='word_1_128' title='bbox 1341 1777 1345 1785; x_wconf 79' lang='lat'>·</span> 
     </span>
     <span class='ocr_line' id='line_1_17' title="bbox 274 1819 1365 1912; baseline -0.004 -24"><span class='ocrx_word' id='word_1_129' title='bbox 274 1825 386 1912; x_wconf 71' lang='lat' dir='ltr'>cauffo,</span> <span class='ocrx_word' id='word_1_130' title='bbox 409 1823 500 1901; x_wconf 82' lang='lat' dir='ltr'>locus,</span> <span class='ocrx_word' id='word_1_131' title='bbox 524 1821 654 1887; x_wconf 83' lang='lat' dir='ltr'>animus.</span> <span class='ocrx_word' id='word_1_132' title='bbox 695 1821 828 1884; x_wconf 87' lang='lat' dir='ltr'>Tubero</span> <span class='ocrx_word' id='word_1_133' title='bbox 848 1819 1000 1906; x_wconf 87' lang='lat' dir='ltr'>juvenem</span> <span class='ocrx_word' id='word_1_134' title='bbox 1022 1820 1053 1884; x_wconf 85' lang='lat' dir='ltr'>se</span> <span class='ocrx_word' id='word_1_135' title='bbox 1098 1821 1159 1885; x_wconf 84' lang='lat' dir='ltr'>atri</span> <span class='ocrx_word' id='word_1_136' title='bbox 1179 1819 1309 1900; x_wconf 80' lang='lat' dir='ltr'>haefiffe,</span> <span class='ocrx_word' id='word_1_137' title='bbox 1323 1819 1365 1884; x_wconf 90' lang='lat'>80</span> 
     </span>
     <span class='ocr_line' id='line_1_18' title="bbox 275 1843 1311 1993; baseline -0.006 -19"><span class='ocrx_word' id='word_1_138' title='bbox 275 1908 367 1974; x_wconf 84' lang='lat' dir='ltr'>iilum</span> <span class='ocrx_word' id='word_1_139' title='bbox 390 1931 409 1972; x_wconf 83' lang='lat' dir='ltr'>a</span> <span class='ocrx_word' id='word_1_140' title='bbox 428 1907 536 1972; x_wconf 81' lang='lat' dir='ltr'>senatu</span> <span class='ocrx_word' id='word_1_141' title='bbox 552 1905 675 1970; x_wconf 87' lang='lat' dir='ltr'>miffum</span> <span class='ocrx_word' id='word_1_142' title='bbox 694 1929 759 1970; x_wconf 90' lang='lat' dir='ltr'>non</span> <span class='ocrx_word' id='word_1_143' title='bbox 773 1905 814 1970; x_wconf 81' lang='lat' dir='ltr'>ed</span> <span class='ocrx_word' id='word_1_144' title='bbox 828 1904 961 1993; x_wconf 84' lang='lat' dir='ltr'>bellum,</span> <span class='ocrx_word' id='word_1_145' title='bbox 977 1906 1030 1970; x_wconf 88' lang='lat' dir='ltr'>sed</span> <span class='ocrx_word' id='word_1_146' title='bbox 1051 1843 1098 1971; x_wconf 76' lang='lat' dir='ltr'>ad</span> <span class='ocrx_word' id='word_1_147' title='bbox 1112 1905 1311 1972; x_wconf 88' lang='lat' dir='ltr'>frumentum</span> 
     </span>
     <span class='ocr_line' id='line_1_19' title="bbox 275 1989 1310 2078; baseline -0.005 -19"><span class='ocrx_word' id='word_1_148' title='bbox 275 1992 490 2059; x_wconf 83' lang='lat' dir='ltr'>coemendum</span> <span class='ocrx_word' id='word_1_149' title='bbox 507 1991 562 2070; x_wconf 80' lang='lat' dir='ltr'>ait,</span> <span class='ocrx_word' id='word_1_150' title='bbox 577 2004 616 2056; x_wconf 88' lang='lat' dir='ltr'>ut</span> <span class='ocrx_word' id='word_1_151' title='bbox 630 1991 770 2078; x_wconf 87' lang='lat' dir='ltr'>primum</span> <span class='ocrx_word' id='word_1_152' title='bbox 784 1989 922 2071; x_wconf 88' lang='lat' dir='ltr'>licuerit,</span> <span class='ocrx_word' id='word_1_153' title='bbox 938 2013 957 2055; x_wconf 83' lang='lat' dir='ltr'><strong>a</strong></span> <span class='ocrx_word' id='word_1_154' title='bbox 1047 1992 1119 2056; x_wconf 82' lang='lat' dir='ltr'>ibus</span> <span class='ocrx_word' id='word_1_155' title='bbox 1140 1990 1310 2056; x_wconf 79' lang='lat' dir='ltr'>reccffiiser</span> 
     </span>
     <span class='ocr_line' id='line_1_20' title="bbox 276 2075 1314 2166; baseline -0.005 -21"><span class='ocrx_word' id='word_1_156' title='bbox 276 2080 442 2166; x_wconf 82' lang='lat' dir='ltr'>Ligarium</span> <span class='ocrx_word' id='word_1_157' title='bbox 465 2087 499 2141; x_wconf 91' lang='lat' dir='ltr'>et</span> <span class='ocrx_word' id='word_1_158' title='bbox 518 2075 731 2164; x_wconf 74' lang='lat' dir='ltr'>perseverasse,</span> <span class='ocrx_word' id='word_1_159' title='bbox 744 2087 780 2141; x_wconf 89' lang='lat' dir='ltr'>et</span> <span class='ocrx_word' id='word_1_160' title='bbox 799 2099 865 2140; x_wconf 92' lang='lat' dir='ltr'>non</span> <span class='ocrx_word' id='word_1_161' title='bbox 884 2099 942 2163; x_wconf 90' lang='lat' dir='ltr'>pro</span> <span class='ocrx_word' id='word_1_162' title='bbox 995 2100 1027 2142; x_wconf 91' lang='lat' dir='ltr'>n.</span> <span class='ocrx_word' id='word_1_163' title='bbox 1050 2075 1214 2164; x_wconf 88' lang='lat' dir='ltr'>Pompeio,</span> <span class='ocrx_word' id='word_1_164' title='bbox 1229 2077 1314 2142; x_wconf 88' lang='lat' dir='ltr'>inter</span> 
     </span>
     <span class='ocr_line' id='line_1_21' title="bbox 276 2161 1313 2254; baseline -0.006 -24"><span class='ocrx_word' id='word_1_165' title='bbox 276 2185 374 2254; x_wconf 88' lang='lat' dir='ltr'>quem</span> <span class='ocrx_word' id='word_1_166' title='bbox 390 2176 424 2228; x_wconf 92' lang='lat' dir='ltr'>et</span> <span class='ocrx_word' id='word_1_167' title='bbox 438 2161 593 2229; x_wconf 84' lang='lat' dir='ltr'>Caesarem</span> <span class='ocrx_word' id='word_1_168' title='bbox 609 2161 776 2249; x_wconf 80' lang='lat' dir='ltr'>dignitatis</span> <span class='ocrx_word' id='word_1_169' title='bbox 794 2161 892 2226; x_wconf 81' lang='lat' dir='ltr'>iirerit</span> <span class='ocrx_word' id='word_1_170' title='bbox 904 2161 1082 2242; x_wconf 88' lang='lat' dir='ltr'>contentio,</span> <span class='ocrx_word' id='word_1_171' title='bbox 1096 2185 1173 2227; x_wconf 89' lang='lat' dir='ltr'>cum</span> <span class='ocrx_word' id='word_1_172' title='bbox 1196 2162 1313 2226; x_wconf 77' lang='lat' dir='ltr'>salvam</span> 
     </span>
     <span class='ocr_line' id='line_1_22' title="bbox 277 2244 1313 2350; baseline -0.003 -37"><span class='ocrx_word' id='word_1_173' title='bbox 277 2261 440 2350; x_wconf 76' lang='lat' dir='ltr'>uterque²</span> <span class='ocrx_word' id='word_1_174' title='bbox 460 2245 691 2333; x_wconf 84' lang='lat' dir='ltr'>rempublicam</span> <span class='ocrx_word' id='word_1_175' title='bbox 714 2244 822 2327; x_wconf 88' lang='lat' dir='ltr'>vellet,</span> <span class='ocrx_word' id='word_1_176' title='bbox 843 2246 896 2310; x_wconf 90' lang='lat' dir='ltr'>sed</span> <span class='ocrx_word' id='word_1_177' title='bbox 937 2267 974 2312; x_wconf 91' lang='lat' dir='ltr'>ro</span> <span class='ocrx_word' id='word_1_178' title='bbox 995 2247 1081 2312; x_wconf 87' lang='lat' dir='ltr'>Juba</span> <span class='ocrx_word' id='word_1_179' title='bbox 1104 2259 1202 2334; x_wconf 80' lang='lat' dir='ltr'>atque</span> <span class='ocrx_word' id='word_1_180' title='bbox 1224 2245 1313 2312; x_wconf 83' lang='lat' dir='ltr'>Afris</span> 
     </span>
     <span class='ocr_line' id='line_1_23' title="bbox 278 2268 1367 2419; baseline -0.001 -20"><span class='ocrx_word' id='word_1_181' title='bbox 278 2332 500 2399; x_wconf 71' lang='lat' dir='ltr'>inimiciffimis</span> <span class='ocrx_word' id='word_1_182' title='bbox 524 2331 645 2419; x_wconf 89' lang='lat' dir='ltr'>populo</span> <span class='ocrx_word' id='word_1_183' title='bbox 672 2333 820 2396; x_wconf 86' lang='lat' dir='ltr'>Romano</span> <span class='ocrx_word' id='word_1_184' title='bbox 842 2268 963 2396; x_wconf 63' lang='lat' dir='ltr'>stetide&#39;.</span> <span class='ocrx_word' id='word_1_185' title='bbox 1009 2333 1163 2398; x_wconf 88' lang='lat' dir='ltr'>Ceterum</span> <span class='ocrx_word' id='word_1_186' title='bbox 1185 2331 1238 2398; x_wconf 84' lang='lat' dir='ltr'>vel</span> <span class='ocrx_word' id='word_1_187' title='bbox 1263 2331 1312 2394; x_wconf 83' lang='lat' dir='ltr'>fa·</span> <span class='ocrx_word' id='word_1_188' title='bbox 1328 2331 1367 2398; x_wconf 87' lang='lat'>81</span> 
     </span>
     <span class='ocr_line' id='line_1_24' title="bbox 278 2414 1316 2503; baseline -0.005 -18"><span class='ocrx_word' id='word_1_189' title='bbox 278 2415 437 2485; x_wconf 86' lang='lat' dir='ltr'>cillimum</span> <span class='ocrx_word' id='word_1_190' title='bbox 463 2419 517 2497; x_wconf 78' lang='lat' dir='ltr'>est,</span> <span class='ocrx_word' id='word_1_191' title='bbox 543 2416 589 2481; x_wconf 90' lang='lat' dir='ltr'>ibi</span> <span class='ocrx_word' id='word_1_192' title='bbox 611 2414 749 2482; x_wconf 84' lang='lat' dir='ltr'>alienam</span> <span class='ocrx_word' id='word_1_193' title='bbox 770 2415 897 2503; x_wconf 77' lang='lat' dir='ltr'>culpam</span> <span class='ocrx_word' id='word_1_194' title='bbox 920 2415 1063 2482; x_wconf 79' lang='lat' dir='ltr'>accusare</span> <span class='ocrx_word' id='word_1_195' title='bbox 1076 2431 1100 2496; x_wconf 79' lang='lat'>²,</span> <span class='ocrx_word' id='word_1_196' title='bbox 1123 2416 1181 2482; x_wconf 89' lang='lat' dir='ltr'>ubi</span> <span class='ocrx_word' id='word_1_197' title='bbox 1202 2415 1316 2482; x_wconf 79' lang='lat' dir='ltr'>fateris</span> 
     </span>
     <span class='ocr_line' id='line_1_25' title="bbox 279 2501 1317 2590; baseline -0.008 -18"><span class='ocrx_word' id='word_1_198' title='bbox 279 2517 382 2572; x_wconf 78' lang='lat' dir='ltr'>tuam·</span> <span class='ocrx_word' id='word_1_199' title='bbox 425 2503 548 2568; x_wconf 89' lang='lat' dir='ltr'>Verum</span> <span class='ocrx_word' id='word_1_200' title='bbox 569 2501 687 2590; x_wconf 78' lang='lat' dir='ltr'>idjam</span> <span class='ocrx_word' id='word_1_201' title='bbox 704 2501 827 2589; x_wconf 82' lang='lat' dir='ltr'>judicic</span> <span class='ocrx_word' id='word_1_202' title='bbox 845 2502 900 2580; x_wconf 85' lang='lat' dir='ltr'>est,</span> <span class='ocrx_word' id='word_1_203' title='bbox 916 2523 981 2566; x_wconf 89' lang='lat' dir='ltr'>non</span> <span class='ocrx_word' id='word_1_204' title='bbox 1002 2502 1129 2568; x_wconf 67' lang='lat' dir='ltr'>actoris.</span> <span class='ocrx_word' id='word_1_205' title='bbox 1173 2501 1317 2570; x_wconf 75' lang='lat' dir='ltr'>Quodfi</span> 
     </span>
     <span class='ocr_line' id='line_1_26' title="bbox 279 2585 1316 2676; baseline -0.005 -21"><span class='ocrx_word' id='word_1_206' title='bbox 279 2587 372 2655; x_wconf 82' lang='lat' dir='ltr'>nulla</span> <span class='ocrx_word' id='word_1_207' title='bbox 385 2587 547 2676; x_wconf 79' lang='lat' dir='ltr'>contingit</span> <span class='ocrx_word' id='word_1_208' title='bbox 562 2587 734 2667; x_wconf 79' lang='lat' dir='ltr'>excusatio,</span> <span class='ocrx_word' id='word_1_209' title='bbox 749 2585 813 2651; x_wconf 82' lang='lat' dir='ltr'>sola</span> <span class='ocrx_word' id='word_1_210' title='bbox 833 2586 973 2652; x_wconf 89' lang='lat' dir='ltr'>colorem</span> <span class='ocrx_word' id='word_1_211' title='bbox 995 2587 1095 2654; x_wconf 79' lang='lat' dir='ltr'>habet</span> <span class='ocrx_word' id='word_1_212' title='bbox 1115 2586 1316 2674; x_wconf 81' lang='lat' dir='ltr'>poenitentia.</span> 
     </span>
     <span class='ocr_line' id='line_1_27' title="bbox 283 2670 1317 2759; baseline -0.005 -19"><span class='ocrx_word' id='word_1_213' title='bbox 283 2675 386 2740; x_wconf 86' lang='lat' dir='ltr'>Potest</span> <span class='ocrx_word' id='word_1_214' title='bbox 400 2673 486 2738; x_wconf 87' lang='lat' dir='ltr'>euim</span> <span class='ocrx_word' id='word_1_215' title='bbox 503 2671 603 2738; x_wconf 88' lang='lat' dir='ltr'>videri</span> <span class='ocrx_word' id='word_1_216' title='bbox 619 2671 692 2738; x_wconf 77' lang='lat' dir='ltr'>setis</span> <span class='ocrx_word' id='word_1_217' title='bbox 712 2670 912 2752; x_wconf 75' lang='lat' dir='ltr'>emendatus,</span> <span class='ocrx_word' id='word_1_218' title='bbox 926 2671 984 2759; x_wconf 87' lang='lat' dir='ltr'>qui</span> <span class='ocrx_word' id='word_1_219' title='bbox 1005 2672 1039 2736; x_wconf 90' lang='lat' dir='ltr'>in</span> <span class='ocrx_word' id='word_1_220' title='bbox 1060 2672 1171 2738; x_wconf 89' lang='lat' dir='ltr'>odium</span> <span class='ocrx_word' id='word_1_221' title='bbox 1193 2694 1317 2752; x_wconf 90' lang='lat' dir='ltr'>eorum,</span> 
     </span>
     <span class='ocr_line' id='line_1_28' title="bbox 281 2756 1373 2848; baseline 0.001 -24"><span class='ocrx_word' id='word_1_222' title='bbox 281 2759 318 2824; x_wconf 88' lang='lat' dir='ltr'>in</span> <span class='ocrx_word' id='word_1_223' title='bbox 340 2759 459 2848; x_wconf 76' lang='lat' dir='ltr'>quibus</span> <span class='ocrx_word' id='word_1_224' title='bbox 480 2769 647 2837; x_wconf 77' lang='lat' dir='ltr'>erraverat,</span> <span class='ocrx_word' id='word_1_225' title='bbox 661 2757 726 2846; x_wconf 87' lang='lat' dir='ltr'>ipse</span> <span class='ocrx_word' id='word_1_226' title='bbox 748 2756 915 2823; x_wconf 80' lang='lat' dir='ltr'>conversus</span> <span class='ocrx_word' id='word_1_227' title='bbox 937 2758 993 2824; x_wconf 81' lang='lat' dir='ltr'>eii.</span> <span class='ocrx_word' id='word_1_228' title='bbox 1035 2760 1118 2824; x_wconf 87' lang='lat' dir='ltr'>Sunt</span> <span class='ocrx_word' id='word_1_229' title='bbox 1137 2758 1225 2824; x_wconf 88' lang='lat' dir='ltr'>enim</span> <span class='ocrx_word' id='word_1_230' title='bbox 1247 2758 1373 2844; x_wconf 72' lang='lat' dir='ltr'>qui-82</span> 
     </span>
     <span class='ocr_line' id='line_1_29' title="bbox 284 2841 1321 2932; baseline -0.003 -23"><span class='ocrx_word' id='word_1_231' title='bbox 284 2845 373 2926; x_wconf 82' lang='lat' dir='ltr'>dam,</span> <span class='ocrx_word' id='word_1_232' title='bbox 392 2844 450 2932; x_wconf 91' lang='lat' dir='ltr'>qui</span> <span class='ocrx_word' id='word_1_233' title='bbox 470 2841 545 2908; x_wconf 88' lang='lat' dir='ltr'>boo¹</span> <span class='ocrx_word' id='word_1_234' title='bbox 559 2857 671 2908; x_wconf 83' lang='lat' dir='ltr'>natura</span> <span class='ocrx_word' id='word_1_235' title='bbox 694 2841 760 2930; x_wconf 84' lang='lat' dir='ltr'>ipsa</span> <span class='ocrx_word' id='word_1_236' title='bbox 782 2843 829 2907; x_wconf 91' lang='lat' dir='ltr'>rei</span> <span class='ocrx_word' id='word_1_237' title='bbox 854 2865 919 2908; x_wconf 89' lang='lat' dir='ltr'>nou</span> <span class='ocrx_word' id='word_1_238' title='bbox 942 2841 1095 2910; x_wconf 80' lang='lat' dir='ltr'>indecens</span> <span class='ocrx_word' id='word_1_239' title='bbox 1113 2843 1260 2910; x_wconf 80' lang='lat' dir='ltr'>faciunt:</span> <span class='ocrx_word' id='word_1_240' title='bbox 1280 2855 1321 2910; x_wconf 81' lang='lat' dir='ltr'>‘ut</span> 
     </span>
     <span class='ocr_line' id='line_1_30' title="bbox 286 2925 1320 3016; baseline -0.004 -20"><span class='ocrx_word' id='word_1_241' title='bbox 286 2951 362 2996; x_wconf 89' lang='lat' dir='ltr'>cum</span> <span class='ocrx_word' id='word_1_242' title='bbox 384 2942 474 3016; x_wconf 86' lang='lat' dir='ltr'>pater</span> <span class='ocrx_word' id='word_1_243' title='bbox 491 2929 557 2994; x_wconf 82' lang='lat' dir='ltr'>enb</span> <span class='ocrx_word' id='word_1_244' title='bbox 581 2927 747 2994; x_wconf 86' lang='lat' dir='ltr'>meretrice</span> <span class='ocrx_word' id='word_1_245' title='bbox 766 2940 890 3007; x_wconf 87' lang='lat' dir='ltr'>natum,</span> <span class='ocrx_word' id='word_1_246' title='bbox 927 2925 994 2993; x_wconf 93' lang='lat' dir='ltr'>uod</span> <span class='ocrx_word' id='word_1_247' title='bbox 1014 2941 1101 2994; x_wconf 82' lang='lat' dir='ltr'>amet</span> <span class='ocrx_word' id='word_1_248' title='bbox 1118 2929 1320 2994; x_wconf 86' lang='lat' dir='ltr'>meretricem</span> 
     </span>
     <span class='ocr_line' id='line_1_31' title="bbox 287 2951 1320 3094; baseline -0.003 -15"><span class='ocrx_word' id='word_1_249' title='bbox 287 3017 321 3079; x_wconf 91' lang='lat' dir='ltr'>in</span> <span class='ocrx_word' id='word_1_250' title='bbox 344 3013 596 3091; x_wconf 83' lang='lat' dir='ltr'>matrimonium,</span> <span class='ocrx_word' id='word_1_251' title='bbox 612 3014 750 3079; x_wconf 87' lang='lat' dir='ltr'>abdicat.</span> <span class='ocrx_word' id='word_1_252' title='bbox 794 2951 985 3078; x_wconf 58' lang='lat' dir='ltr'>Scholabica</span> <span class='ocrx_word' id='word_1_253' title='bbox 1004 3013 1147 3094; x_wconf 84' lang='lat' dir='ltr'>materia,</span> <span class='ocrx_word' id='word_1_254' title='bbox 1166 3013 1219 3087; x_wconf 87' lang='lat' dir='ltr'>sed</span> <span class='ocrx_word' id='word_1_255' title='bbox 1243 3035 1320 3092; x_wconf 93' lang='lat' dir='ltr'>non,</span> 
     </span>
     <span class='ocr_line' id='line_1_32' title="bbox 288 3097 1321 3187; baseline -0.004 -22"><span class='ocrx_word' id='word_1_256' title='bbox 288 3123 362 3187; x_wconf 80' lang='lat' dir='ltr'>quae</span> <span class='ocrx_word' id='word_1_257' title='bbox 376 3119 440 3164; x_wconf 91' lang='lat' dir='ltr'>non</span> <span class='ocrx_word' id='word_1_258' title='bbox 456 3099 548 3186; x_wconf 86' lang='lat' dir='ltr'>poffit</span> <span class='ocrx_word' id='word_1_259' title='bbox 565 3098 719 3165; x_wconf 81' lang='lat' dir='ltr'>accidere.</span> <span class='ocrx_word' id='word_1_260' title='bbox 766 3099 833 3163; x_wconf 91' lang='lat' dir='ltr'>Hic</span> <span class='ocrx_word' id='word_1_261' title='bbox 847 3098 948 3186; x_wconf 89' lang='lat' dir='ltr'>igitur</span> <span class='ocrx_word' id='word_1_262' title='bbox 961 3099 1066 3164; x_wconf 84' lang='lat' dir='ltr'>multa</span> <span class='ocrx_word' id='word_1_263' title='bbox 1086 3121 1150 3166; x_wconf 91' lang='lat' dir='ltr'>non</span> <span class='ocrx_word' id='word_1_264' title='bbox 1165 3097 1321 3165; x_wconf 85' lang='lat' dir='ltr'>deformi-</span> 
     </span>
     <span class='ocr_line' id='line_1_33' title="bbox 287 3182 1322 3271; baseline -0.004 -21"><span class='ocrx_word' id='word_1_265' title='bbox 287 3199 339 3250; x_wconf 87' lang='lat' dir='ltr'>ter</span> <span class='ocrx_word' id='word_1_266' title='bbox 351 3184 456 3249; x_wconf 86' lang='lat' dir='ltr'>dicet=</span> <span class='ocrx_word' id='word_1_267' title='bbox 480 3184 530 3248; x_wconf 90' lang='lat' dir='ltr'>vel</span> <span class='ocrx_word' id='word_1_268' title='bbox 545 3183 633 3271; x_wconf 77' lang='lat' dir='ltr'>quod</span> <span class='ocrx_word' id='word_1_269' title='bbox 654 3183 800 3250; x_wconf 87' lang='lat' dir='ltr'>omniurn</span> <span class='ocrx_word' id='word_1_270' title='bbox 816 3183 854 3246; x_wconf 86' lang='lat' dir='ltr'>srt</span> <span class='ocrx_word' id='word_1_271' title='bbox 874 3195 985 3248; x_wconf 87' lang='lat' dir='ltr'>votum</span> <span class='ocrx_word' id='word_1_272' title='bbox 1006 3192 1188 3269; x_wconf 80' lang='lat' dir='ltr'>parentum,</span> <span class='ocrx_word' id='word_1_273' title='bbox 1202 3195 1240 3246; x_wconf 90' lang='lat' dir='ltr'>ut</span> <span class='ocrx_word' id='word_1_274' title='bbox 1260 3182 1322 3247; x_wconf 91' lang='lat' dir='ltr'>ho·</span> 
     </span>
     <span class='ocr_line' id='line_1_34' title="bbox 290 3267 1326 3356; baseline -0.003 -21"><span class='ocrx_word' id='word_1_275' title='bbox 290 3269 451 3350; x_wconf 84' lang='lat' dir='ltr'>nestiores,</span> <span class='ocrx_word' id='word_1_276' title='bbox 472 3290 570 3356; x_wconf 82' lang='lat' dir='ltr'>quam</span> <span class='ocrx_word' id='word_1_277' title='bbox 590 3270 650 3334; x_wconf 83' lang='lat' dir='ltr'>fint</span> <span class='ocrx_word' id='word_1_278' title='bbox 670 3269 738 3356; x_wconf 85' lang='lat' dir='ltr'>ipfi,</span> <span class='ocrx_word' id='word_1_279' title='bbox 761 3268 879 3332; x_wconf 90' lang='lat' dir='ltr'>liberos</span> <span class='ocrx_word' id='word_1_280' title='bbox 899 3268 1048 3345; x_wconf 87' lang='lat' dir='ltr'>habeant,</span> <span class='ocrx_word' id='word_1_281' title='bbox 1074 3273 1162 3350; x_wconf 85' lang='lat' dir='ltr'>(nam</span> <span class='ocrx_word' id='word_1_282' title='bbox 1182 3279 1235 3332; x_wconf 73' lang='lat' dir='ltr'>et‘</span> <span class='ocrx_word' id='word_1_283' title='bbox 1259 3267 1326 3332; x_wconf 82' lang='lat' dir='ltr'>filia</span> 
     </span>
     <span class='ocr_line' id='line_1_35' title="bbox 291 3351 1353 3439; baseline -0.004 -19"><span class='ocrx_word' id='word_1_284' title='bbox 291 3370 377 3434; x_wconf 81' lang='lat' dir='ltr'>natu,</span> <span class='ocrx_word' id='word_1_285' title='bbox 397 3354 560 3418; x_wconf 81' lang='lat' dir='ltr'>meretrix</span> <span class='ocrx_word' id='word_1_286' title='bbox 588 3375 660 3418; x_wconf 85' lang='lat' dir='ltr'>eam</span> <span class='ocrx_word' id='word_1_287' title='bbox 688 3366 790 3418; x_wconf 88' lang='lat' dir='ltr'>mater</span> <span class='ocrx_word' id='word_1_288' title='bbox 817 3352 1055 3439; x_wconf 74' lang='lat' dir='ltr'>pudicamesse</span> <span class='ocrx_word' id='word_1_289' title='bbox 1084 3353 1241 3436; x_wconf 75' lang='lat' dir='ltr'>veluiffet)</span> <span class='ocrx_word' id='word_1_290' title='bbox 1273 3351 1353 3417; x_wconf 86' lang='lat' dir='ltr'>vel·</span> 
     </span>
     <span class='ocr_line' id='line_1_36' title="bbox 278 3437 1325 3530; baseline -0.004 -25"><span class='ocrx_word' id='word_1_291' title='bbox 278 3439 405 3530; x_wconf 74' lang='lat' dir='ltr'>·qudd¹³</span> <span class='ocrx_word' id='word_1_292' title='bbox 426 3437 580 3504; x_wconf 89' lang='lat' dir='ltr'>humilior</span> <span class='ocrx_word' id='word_1_293' title='bbox 600 3439 666 3525; x_wconf 86' lang='lat' dir='ltr'>ipse</span> <span class='ocrx_word' id='word_1_294' title='bbox 688 3437 796 3518; x_wconf 90' lang='lat' dir='ltr'>fuerit,</span> <span class='ocrx_word' id='word_1_295' title='bbox 820 3437 913 3522; x_wconf 85' lang='lat' dir='ltr'>(licet</span> <span class='ocrx_word' id='word_1_296' title='bbox 933 3437 1020 3506; x_wconf 87' lang='lat' dir='ltr'>enim</span> <span class='ocrx_word' id='word_1_297' title='bbox 1042 3438 1106 3504; x_wconf 92' lang='lat' dir='ltr'>hoc</span> <span class='ocrx_word' id='word_1_298' title='bbox 1128 3439 1247 3520; x_wconf 88' lang='lat' dir='ltr'>dicere)</span> <span class='ocrx_word' id='word_1_299' title='bbox 1276 3437 1325 3501; x_wconf 82' lang='lat' dir='ltr'>vel</span> 
     </span>
     <span class='ocr_line' id='line_1_37' title="bbox 293 3521 1379 3631; baseline -0.002 -39"><span class='ocrx_word' id='word_1_300' title='bbox 293 3523 381 3614; x_wconf 90' lang='lat' dir='ltr'>quod</span> <span class='ocrx_word' id='word_1_301' title='bbox 397 3545 461 3590; x_wconf 88' lang='lat' dir='ltr'>non</span> <span class='ocrx_word' id='word_1_302' title='bbox 475 3523 623 3620; x_wconf 81' lang='lat' dir='ltr'>habuerit</span> <span class='ocrx_word' id='word_1_303' title='bbox 641 3535 775 3612; x_wconf 88' lang='lat' dir='ltr'>patrem,</span> <span class='ocrx_word' id='word_1_304' title='bbox 792 3523 1034 3631; x_wconf 67' lang='lat' dir='ltr'>qui‘moneret:</span> <span class='ocrx_word' id='word_1_305' title='bbox 1058 3523 1135 3612; x_wconf 82' lang='lat' dir='ltr'>quin</span> <span class='ocrx_word' id='word_1_306' title='bbox 1156 3545 1198 3588; x_wconf 85' lang='lat' dir='ltr'>oo</span> <span class='ocrx_word' id='word_1_307' title='bbox 1218 3521 1325 3586; x_wconf 82' lang='lat' dir='ltr'>minus</span> <span class='ocrx_word' id='word_1_308' title='bbox 1340 3526 1379 3610; x_wconf 87' lang='lat'>83</span> 
     </span>
    </p>
   </div>
   <div class='ocr_carea' id='block_1_3' title="bbox 295 3721 1329 4048">
    <p class='ocr_par' dir='ltr' id='par_1_3' title="bbox 295 3721 1329 4048">
     <span class='ocr_line' id='line_1_38' title="bbox 328 3721 1329 3786; baseline -0.002 -13"><span class='ocrx_word' id='word_1_309' title='bbox 328 3733 341 3757; x_wconf 73' lang='lat'>¹¹</span> <span class='ocrx_word' id='word_1_310' title='bbox 360 3725 454 3774; x_wconf 61' lang='lat' dir='ltr'>omn&#39;id.</span> <span class='ocrx_word' id='word_1_311' title='bbox 519 3721 662 3771; x_wconf 72' lang='lat' dir='ltr'>⁰suffecifl&#39;e</span> <span class='ocrx_word' id='word_1_312' title='bbox 673 3723 704 3771; x_wconf 86' lang='lat' dir='ltr'>G.</span> <span class='ocrx_word' id='word_1_313' title='bbox 716 3729 782 3785; x_wconf 60' lang='lat' dir='ltr'>reste,</span> <span class='ocrx_word' id='word_1_314' title='bbox 788 3730 851 3786; x_wconf 74' lang='lat' dir='ltr'>puto.</span> <span class='ocrx_word' id='word_1_315' title='bbox 914 3726 1179 3786; x_wconf 68' lang='lat' dir='ltr'>Psuocumtcthpp·</span> <span class='ocrx_word' id='word_1_316' title='bbox 1241 3729 1329 3771; x_wconf 65' lang='lat' dir='ltr'>*con-</span> 
     </span>
     <span class='ocr_line' id='line_1_39' title="bbox 295 3782 1328 3854; baseline 0.001 -16"><span class='ocrx_word' id='word_1_317' title='bbox 295 3793 460 3854; x_wconf 74' lang='lat' dir='ltr'>ringitKapp.</span> <span class='ocrx_word' id='word_1_318' title='bbox 523 3795 593 3835; x_wconf 62' lang='lat' dir='ltr'>tom.</span> <span class='ocrx_word' id='word_1_319' title='bbox 602 3789 635 3836; x_wconf 90' lang='lat' dir='ltr'>G.</span> <span class='ocrx_word' id='word_1_320' title='bbox 646 3787 708 3836; x_wconf 80' lang='lat' dir='ltr'>lens.</span> <span class='ocrx_word' id='word_1_321' title='bbox 774 3791 953 3838; x_wconf 66' lang='lat' dir='ltr'>’abitusJent</span> <span class='ocrx_word' id='word_1_322' title='bbox 1017 3782 1204 3852; x_wconf 65' lang='lat' dir='ltr'>tquetms·</span> <span class='ocrx_word' id='word_1_323' title='bbox 1267 3794 1279 3818; x_wconf 81' lang='lat'>&#39;¹</span> <span class='ocrx_word' id='word_1_324' title='bbox 1298 3788 1328 3834; x_wconf 84' lang='lat' dir='ltr'>li-</span> 
     </span>
     <span class='ocr_line' id='line_1_40' title="bbox 295 3852 1328 3916; baseline -0.006 -10"><span class='ocrx_word' id='word_1_325' title='bbox 295 3858 393 3905; x_wconf 64' lang='lat' dir='ltr'>bertatis</span> <span class='ocrx_word' id='word_1_326' title='bbox 404 3855 435 3902; x_wconf 88' lang='lat' dir='ltr'>G.</span> <span class='ocrx_word' id='word_1_327' title='bbox 543 3858 555 3884; x_wconf 56' lang='grc' dir='ltr'><strong>Χ</strong></span> <span class='ocrx_word' id='word_1_328' title='bbox 574 3852 640 3901; x_wconf 82' lang='lat' dir='ltr'>aliud</span> <span class='ocrx_word' id='word_1_329' title='bbox 648 3853 777 3914; x_wconf 81' lang='lat' dir='ltr'>reperietur</span> <span class='ocrx_word' id='word_1_330' title='bbox 786 3855 850 3904; x_wconf 84' lang='lat' dir='ltr'>Jens.</span> <span class='ocrx_word' id='word_1_331' title='bbox 867 3855 981 3916; x_wconf 79' lang='lat' dir='ltr'>reperitur</span> <span class='ocrx_word' id='word_1_332' title='bbox 991 3855 1023 3902; x_wconf 79' lang='lat' dir='ltr'>G,</span> <span class='ocrx_word' id='word_1_333' title='bbox 1130 3852 1328 3912; x_wconf 67' lang='lat' dir='ltr'>²„utriquerenr</span> 
     </span>
     <span class='ocr_line' id='line_1_41' title="bbox 299 3915 1329 3981; baseline -0.006 -12"><span class='ocrx_word' id='word_1_334' title='bbox 299 3929 311 3954; x_wconf 79' lang='lat'>⁸</span> <span class='ocrx_word' id='word_1_335' title='bbox 329 3921 434 3970; x_wconf 76' lang='lat' dir='ltr'>recusare</span> <span class='ocrx_word' id='word_1_336' title='bbox 445 3919 476 3965; x_wconf 84' lang='lat' dir='ltr'>id.</span> <span class='ocrx_word' id='word_1_337' title='bbox 488 3915 595 3966; x_wconf 78' lang='lat' dir='ltr'>incusare</span> <span class='ocrx_word' id='word_1_338' title='bbox 605 3916 668 3972; x_wconf 61' lang='grc' dir='ltr'>Δία.</span> <span class='ocrx_word' id='word_1_339' title='bbox 750 3915 760 3948; x_wconf 66' lang='lat'>⁵</span> <span class='ocrx_word' id='word_1_340' title='bbox 779 3932 811 3966; x_wconf 80' lang='lat' dir='ltr'>ex</span> <span class='ocrx_word' id='word_1_341' title='bbox 823 3930 882 3968; x_wconf 83' lang='lat' dir='ltr'>mer.</span> <span class='ocrx_word' id='word_1_342' title='bbox 894 3933 934 3966; x_wconf 76' lang='lat' dir='ltr'>ne.</span> <span class='ocrx_word' id='word_1_343' title='bbox 945 3936 986 3966; x_wconf 78' lang='lat' dir='ltr'>m.</span> <span class='ocrx_word' id='word_1_344' title='bbox 1000 3919 1031 3966; x_wconf 86' lang='lat' dir='ltr'>G.</span> <span class='ocrx_word' id='word_1_345' title='bbox 1048 3927 1136 3970; x_wconf 71' lang='lat' dir='ltr'>nanim</span> <span class='ocrx_word' id='word_1_346' title='bbox 1144 3918 1286 3981; x_wconf 24' lang='lat' dir='ltr'>quoduamet</span> <span class='ocrx_word' id='word_1_347' title='bbox 1297 3931 1329 3964; x_wconf 83' lang='lat' dir='ltr'>ex</span> 
     </span>
     <span class='ocr_line' id='line_1_42' title="bbox 297 3979 1206 4048; baseline -0.003 -13"><span class='ocrx_word' id='word_1_348' title='bbox 297 3997 358 4036; x_wconf 82' lang='lat' dir='ltr'>mer.</span> <span class='ocrx_word' id='word_1_349' title='bbox 371 3986 396 4033; x_wconf 88' lang='lat' dir='ltr'>in</span> <span class='ocrx_word' id='word_1_350' title='bbox 408 3983 600 4034; x_wconf 62' lang='lat' dir='ltr'>matrimus..</span> <span class='ocrx_word' id='word_1_351' title='bbox 653 3979 725 4028; x_wconf 75' lang='lat' dir='ltr'>‘etsi</span> <span class='ocrx_word' id='word_1_352' title='bbox 737 3981 770 4030; x_wconf 86' lang='lat' dir='ltr'>G.</span> <span class='ocrx_word' id='word_1_353' title='bbox 831 3983 1149 4048; x_wconf 31' lang='lat' dir='ltr'>‘liquibumipsaJeus.¹</span> <span class='ocrx_word' id='word_1_354' title='bbox 1204 4019 1206 4032; x_wconf 70' lang='grc'>,</span> 
     </span>
    </p>
   </div>
   <div class='ocr_carea' id='block_1_4' title="bbox 299 4098 1404 4348">
    <p class='ocr_par' dir='ltr' id='par_1_4' title="bbox 299 4098 1404 4348">
     <span class='ocr_line' id='line_1_43' title="bbox 335 4098 1404 4214; baseline -0.008 -15"><span class='ocrx_word' id='word_1_355' title='bbox 335 4151 380 4212; x_wconf 86' lang='lat'>78.</span> <span class='ocrx_word' id='word_1_356' title='bbox 399 4098 607 4214; x_wconf 63' lang='lat' dir='ltr'>inprobarum</span> <span class='ocrx_word' id='word_1_357' title='bbox 624 4142 684 4208; x_wconf 83' lang='lat' dir='ltr'>loro]</span> <span class='ocrx_word' id='word_1_358' title='bbox 709 4143 790 4214; x_wconf 81' lang='lat' dir='ltr'>Supra</span> <span class='ocrx_word' id='word_1_359' title='bbox 838 4141 915 4196; x_wconf 73' lang='lat' dir='ltr'>intelli</span> <span class='ocrx_word' id='word_1_360' title='bbox 948 4145 1016 4206; x_wconf 80' lang='lat' dir='ltr'>bam,</span> <span class='ocrx_word' id='word_1_361' title='bbox 1039 4161 1096 4196; x_wconf 92' lang='lat' dir='ltr'>curn</span> <span class='ocrx_word' id='word_1_362' title='bbox 1126 4111 1169 4196; x_wconf 79' lang='lat' dir='ltr'>ista</span> <span class='ocrx_word' id='word_1_363' title='bbox 1190 4103 1331 4204; x_wconf 67' lang='lat' dir='ltr'>icriberem,</span> <span class='ocrx_word' id='word_1_364' title='bbox 1402 4182 1404 4190; x_wconf 85' lang='lat'>.</span> 
     </span>
     <span class='ocr_line' id='line_1_44' title="bbox 299 4213 1331 4286; baseline 0 -18"><span class='ocrx_word' id='word_1_365' title='bbox 299 4236 325 4286; x_wconf 77' lang='grc' dir='ltr'>ς,</span> <span class='ocrx_word' id='word_1_366' title='bbox 338 4236 364 4278; x_wconf 85' lang='lat'>2,</span> <span class='ocrx_word' id='word_1_367' title='bbox 379 4236 405 4268; x_wconf 85' lang='grc' dir='ltr'>ι.</span> <span class='ocrx_word' id='word_1_368' title='bbox 541 4235 544 4246; x_wconf 84' lang='grc'>·</span> <span class='ocrx_word' id='word_1_369' title='bbox 838 4215 901 4282; x_wconf 84' lang='lat' dir='ltr'>quid</span> <span class='ocrx_word' id='word_1_370' title='bbox 921 4214 957 4268; x_wconf 80' lang='lat' dir='ltr'>rbi</span> <span class='ocrx_word' id='word_1_371' title='bbox 968 4215 1020 4268; x_wconf 79' lang='lat' dir='ltr'>haec</span> <span class='ocrx_word' id='word_1_372' title='bbox 1038 4213 1112 4268; x_wconf 80' lang='lat' dir='ltr'>verba</span> <span class='ocrx_word' id='word_1_373' title='bbox 1128 4215 1175 4268; x_wconf 83' lang='lat' dir='ltr'>boc</span> <span class='ocrx_word' id='word_1_374' title='bbox 1187 4214 1279 4267; x_wconf 79' lang='lat' dir='ltr'>in&#39;loco</span> <span class='ocrx_word' id='word_1_375' title='bbox 1289 4230 1331 4268; x_wconf 78' lang='lat' dir='ltr'>re·</span> 
     </span>
     <span class='ocr_line' id='line_1_45' title="bbox 335 4279 896 4348; baseline -0.007 -6"><span class='ocrx_word' id='word_1_376' title='bbox 335 4291 379 4342; x_wconf 74' lang='lat'>81.</span> <span class='ocrx_word' id='word_1_377' title='bbox 394 4287 483 4341; x_wconf 83' lang='lat' dir='ltr'>Verum</span> <span class='ocrx_word' id='word_1_378' title='bbox 493 4280 657 4348; x_wconf 71' lang='lat' dir='ltr'>id-arzoris]</span> <span class='ocrx_word' id='word_1_379' title='bbox 671 4279 790 4336; x_wconf 77' lang='lat' dir='ltr'>Nondum</span> <span class='ocrx_word' id='word_1_380' title='bbox 838 4281 896 4338; x_wconf 77' lang='lat' dir='ltr'>tint.</span> 
     </span>
    </p>
   </div>
   <div class='ocr_carea' id='block_1_5' title="bbox 0 0 1567 4918">
    <p class='ocr_par' dir='ltr' id='par_1_5' title="bbox 0 0 1567 4918">
     <span class='ocr_line' id='line_1_46' title="bbox 0 0 1567 4918; baseline 0 0"><span class='ocrx_word' id='word_1_381' title='bbox 0 0 1567 4918; x_wconf 95' lang='lat' dir='ltr'> </span> 
     </span>
    </p>
   </div>
  </div>
 </body>
</html>
