3014 4918
430 415 602 478 INSTIT.
621 411 825 478 ORATOR.
846 409 930 476 LlB.
949 410 1020 476 ΧΠ.
1036 407 1091 475 io.
1211 421 1272 496 333

230 581 273 646 de
296 601 383 646 nune
407 603 538 670 quoque
558 579 649 658 aridi,
664 591 699 644 et
719 579 854 660 ersucci,
874 591 909 644 et
929 579 1105 666 exsangues
1129 578 1178 662 (bi
1198 579 1272 644 sunt

211 666 331 745 ¹enlm,
347 667 402 767 qui
425 667 488 731 suae
514 665 730 766 imbecillitati
752 665 892 766 sanitatia
917 665 1176 766 appellationem,
1198 685 1272 752 quae

232 753 276 815 est
290 774 429 818 merome
443 765 613 831 contrane,
627 751 818 834 obtendant>
835 774 911 839 quta
933 752 1099 814 clariorem
1122 773 1186 814 vrm
1202 751 1272 815 elo·

233 839 386 923 quentiae,
402 857 531 902 vetur
551 838 662 919 solem,
685 836 767 900 ferre
786 859 851 901 non
873 836 1012 922 poliunt,
1028 837 1143 900 umbra
1160 835 1274 922 magni
1384 854 1387 858 ·

234 921 373 986 nominis
388 923 599 988 delitescunt:
623 920 741 1008 quibus
755 921 832 1008 quia
845 921 960 1000 multa,
974 934 1007 984 et
1019 920 1173 1069 ¹pluribus
1191 921 1273 989 locit

152 1014 158 1026 '
235 1007 350 1072 Cicero
366 1008 429 1095 ipse
448 1008 618 1095 respondit,
633 1008 735 1072 tutior
756 1007 837 1070 mihi
852 1006 892 1070 de
908 1007 970 1070 hoc
984 1006 1016 1069 di
1030 1007 1151 1071 erendi
1165 1006 1273 1070 brevi·

181 1091 221 1155 16
234 1101 281 1156 ta's
297 1091 369 1158 erit.
414 1096 457 1157 Et
479 1094 610 1180 antiqua
632 1092 764 1180 quidem
786 1092 842 1155 illa
859 1091 968 1155 divisio
982 1092 1067 1155 inter
1080 1092 1272 1176 Astaamat-

232 1201 296 1264 que
312 1180 426 1243 Atticos
441 1178 502 1243 suit
510 1204 519 1258 3
546 1179 669 1243 cumbi
685 1177 772 1264 preffi
788 1190 821 1240 et
837 1176 904 1240 inte
929 1177 967 1255 ri,
984 1191 1094 1240 contra
1111 1177 1211 1241 inflati
1226 1177 1275 1243 illi

233 1278 268 1327 et
293 1263 402 1329 inanes
427 1264 639 1344 haberentur3
666 1275 726 1327 et·
749 1263 781 1326 in
803 1263 854 1326 his
877 1199 957 1325 nihil
981 1262 1194 1348 superflueret,
1209 1262 1274 1328 illie

205 1381 206 1388 κ
227 1349 389 1436 judicium
417 1351 582 1414 manimev
606 1371 644 1413 ao
666 1347 781 1412 modus
805 1347 931 1412 deesset.
975 1346 1076 1412 Quod
1099 1347 1229 1434 quidam
1244 1361 1272 1429 ¹,

233 1457 372 1521 quorum
388 1447 421 1499 et
444 1436 581 1500 Santra²
603 1435 659 1511 est,
675 1434 739 1496 hoc
761 1445 876 1519 putant
896 1431 1051 1512 accidisse,
1066 1432 1166 1519 quod,
1181 1433 1274 1520 paula

232 1521 325 1585 latim
340 1522 482 1585 sermone
498 1523 613 1585 Graeco
628 1521 663 1582 in
677 1519 838 1606 proximas
850 1518 930 1582 Afiae
945 1518 1092 1582 civitates
1107 1519 1273 1600 influente,

234 1606 379 1680 nondum
408 1606 481 1671 satie
513 1606 607 1692 periti
640 1605 792 1692 loquendi
821 1602 1003 1668 facundiam
1027 1603 1272 1690 concupierint:

233 1690 372 1780 ideoque
392 1714 442 1768 ea,
457 1713 532 1778 quae
553 1691 679 1776 proprie
700 1689 813 1776 signari
835 1701 992 1775 poterant,
1007 1689 1144 1753 circuitu
1164 1711 1274 1776 eoepe-

184 1787 223 1854 17
235 1777 300 1841 rint
321 1777 498 1855 enuntiare,
514 1798 552 1839 ao
575 1775 692 1840 deinde
714 1775 747 1838 in
768 1797 807 1838 eo
825 1775 1068 1860 perseverarint:
1104 1774 1191 1839 Mihi
1214 1798 1274 1842 au-

234 1875 302 1924 tem
317 1861 469 1925 orationis
487 1859 695 1924 differentiam
711 1859 816 1925 feciffe
836 1872 869 1924 et
888 1859 1065 1925 dicentium
1087 1871 1121 1923 et
1140 1861 1274 1926 audien-

236 1946 318 2009 tium
352 1960 474 2010 natura
503 1945 663 2022 videntur,
691 1945 779 2030 quod
807 1945 906 2008 Attici
939 1945 1042 2009 limati
1074 1945 1207 2030 quidem
1238 1961 1276 2012 et

235 2031 379 2094 emuntli
395 2030 475 2094 nihil
491 2031 584 2094 inane
599 2044 656 2094 aut
670 2029 852 2094 redundans
866 2030 1022 2095 ferebant.
1058 2030 1178 2116 Astana
1190 2054 1275 2120 gene

235 2114 391 2179 tumidior
412 2116 534 2202 alioqui
558 2132 654 2201 atque
671 2114 857 2202 jattantior,
879 2116 1007 2179 vaniore
1027 2115 1125 2180 etiam
1145 2116 1275 2182 dicendi

184 2194 222 2258 18
234 2201 339 2288 gloria
353 2202 461 2268 inflata
476 2203 529 2266 est.
573 2202 717 2265 Tertium
739 2223 827 2278 mou,
843 2200 901 2287 qui
916 2201 988 2264 haec
1002 2199 1199 2280 dividebant,
1216 2204 1274 2266 ad-

211 2325 213 2332 ·
228 2289 380 2374 jecerunt
397 2311 493 2374 genus
509 2287 679 2352 Rhodium:
702 2287 791 2373 quod
805 2285 893 2350 velut
914 2284 1058 2370 medium
1075 2285 1135 2349 elle
1150 2295 1276 2373 atque*¹
1338 2307 1341 2313 “

234 2393 275 2436 ex
298 2385 373 2437 utro
397 2396 438 2438 ue
461 2373 599 2437 mixtum
625 2373 751 2436 volunt.
795 2372 915 2458 Neque
940 2371 1027 2434 enim
1049 2371 1148 2434 Attice
1170 2373 1275 2458 pressi,

235 2481 340 2545 neque
377 2459 468 2544 stane
486 2459 559 2523 sunt
574 2457 785 2537 abundantes,
801 2469 839 2520 ut
860 2455 983 2545 aliquid
1005 2457 1122 2520 habere
1141 2456 1274 2522 videan-

184 2557 222 2622 19
235 2557 288 2608 tur
310 2545 431 2630 gentis,
455 2543 578 2630 aliquid
602 2543 752 2607 authoris.
796 2541 954 2627 AEschz'aer
978 2543 1078 2618 enirn,
1104 2542 1162 2628 qui
1186 2542 1277 2610 huna

232 2629 343 2692 exsilio
354 2628 517 2714 delegerat
530 2628 652 2708 locum,
668 2626 780 2690 intulit
794 2647 833 2688 eo
847 2624 949 2689 studia
961 2625 1177 2707 Athenarum,
1188 2647 1274 2715 quae,
1301 2657 1305 2668 ¹

237 2733 367 2778 vetur
388 2713 451 2777 sata
471 2712 619 2799 quaedam
641 2711 723 2776 ooelo
744 2722 890 2798 terraque
911 2710 1119 2800 degenerant,
1133 2711 1277 2800 saporem

236 2797 329 2861 illum
354 2797 501 2862 Atticum
528 2797 698 2884 peregrino
722 2796 929 2859 miscuerunt.
972 2796 1070 2860 Lenti
1096 2818 1174 2861 ero
1198 2800 1274 2885 qui-

150 2934 154 2939 .
237 2883 335 2947 deml’
350 2905 387 2946 ac
403 2883 528 2962 remiffi,
545 2903 609 2945 non
625 2882 687 2945 fine
702 2881 843 2967 pondere
858 2893 988 2945 tamen:
1012 2903 1051 2944 ne
1075 2904 1116 2946 ue
1165 2885 1277 2949 ntibue

260 2969 337 3047 urie,
353 2989 458 3055 neque
474 2966 670 3032 torrentibus
684 2967 831 3044 turbidie,
847 2965 900 3029 sed
915 2965 1040 3031 lenibus
1052 2904 1178 3054 hagnie
1190 2969 1275 3033 limi·

185 2989 285 3117 uoles
302 3053 472 3119 habentur.
517 3054 625 3117 Nemo
647 3052 749 3141 igitur
769 3050 975 3131 dubitaverit,
990 3050 1088 3137 longe
1110 3053 1171 3117 elle
1188 3055 1275 3141 opti-

238 3161 330 3204 mum
347 3161 451 3228 genus
465 3138 662 3204 Atticorum.
708 3139 744 3200 In
761 3158 827 3222 quo
841 3149 879 3200 ut
900 3137 944 3201 est
958 3135 1081 3223 aliquid
1096 3137 1180 3204 inter
1193 3139 1278 3228 ipsos

272 3331 285 3356 ⁸
304 3341 345 3372 om.
356 3325 387 3373 G.
397 3326 461 3374 lens.
537 3335 551 3364 v
567 3321 782 3372 maximumlens.
858 3321 1029 3385 xquidemid.
1106 3331 1120 3360 2
1137 3323 1233 3372 santra
1243 3326 1277 3374 G.

239 3390 411 3503 diffidens·
430 3389 519 3446 Santta
528 3391 607 3453 Kapp.
625 3389 701 3437 Satira
714 3387 770 3454 Vuffi
782 3403 805 3448 3.
910 3403 920 3426 ι
938 3387 1005 3436 velut
1016 3388 1050 3437 G.
1145 3388 1156 3419 ⁶
1174 3391 1276 3452 quidam

278 3635 321 3684 ις.
341 3615 423 3670 Cicero
434 3615 622 3736 ipserelpondit]
645 3616 680 3668 Iis
692 3616 732 3686 ip·
782 3615 884 3686 aliisque
896 3614 1035 3668 laudatum.
1066 3612 1165 3666 Scilicet
1182 3633 1212 3667 err
1232 3618 1278 3680 lie,

241 3687 270 3742 tie
281 3687 354 3748 locis,
366 3705 429 3756 quos
440 3685 514 3738 modo
537 3687 696 3738 audavimus.
780 3703 838 3752 quae
852 3703 893 3755 per
900 3687 980 3738 otium
992 3683 1123 3751 quaerenda
1134 3683 1197 3737 mihi
1208 3685 1275 3738 sum-

280 3753 321 3809 rd.
339 3774 440 3826 quarum
451 3766 475 3807 et
489 3757 583 3806 Santra
593 3754 637 3824 est]
656 3753 733 3806 Festi*
765 3757 867 3815 ¹ser-am,
892 3753 1029 3822 improvide
1052 3764 1076 3804 et
1097 3753 1140 3819 ¹hic
1165 3766 1190 3806 et
1209 3775 1275 3808 unus

241 3830 349 3887 natione,
362 3827 429 3895 quod
447 3826 477 3877 fae
520 3824 583 3875 mihi
600 3824 733 3886 usuvenit,
782 3826 892 3893 itemque
904 3824 964 3874 alter
979 3833 1095 3890 praeterea
1114 3821 1181 3875 locus
1201 3827 1226 3876 iu
1244 3826 1276 3878 il-

241 3899 329 3957 enavi,
340 3898 470 3948 cumhunc
488 3911 562 3946 ocum
574 3895 638 3944 inter
647 3894 735 3946 Nodos
783 3893 834 3944 lum
871 3893 1007 3946 indiculum
1042 3889 1201 3960 transcriptus
1232 3896 1276 3957 est,

240 3966 438 4041 Qindlilianeos
458 3963 548 4016 retuli:
571 3980 646 4031 quern
664 3975 734 4014 tanto
783 3982 858 4031 quem
870 3963 896 4013 in
909 3963 959 4032 ipso
972 3963 1066 4013 itineris
1078 3963 1203 4030 procintlu
1216 3983 1276 4020 cum

242 4037 342 4090 facilius
360 4036 441 4098 solvit,
452 4036 497 4104 qui
519 4033 645 4086 Gordium
665 4033 733 4084 haud
783 4033 861 4094 essem,
891 4031 1047 4103 typographo
1075 4032 1132 4082 dedi
1161 4035 1276 4116 Parergis

242 4125 320 4160 unum
331 4106 470 4166 extricavit,
478 4107 641 4157 Heumannus
652 4121 733 4164 meus,
784 4102 991 4172 Gottingensrbus
1020 4101 1180 4162 inserendum,
1205 4123 1277 4169 cujus

242 4177 394 4246 ostenditque
405 4176 467 4228 mihi
479 4173 585 4224 nobilem
599 4175 734 4224 Gramma·
783 4172 819 4223 rei
831 4172 943 4244 pluscula
959 4173 1033 4226 habet
1047 4170 1158 4241 imprellu
1168 4172 1213 4226 sibi
1225 4175 1277 4228 ves.

242 4248 323 4298 ticum
339 4249 466 4308 Santram,
479 4244 559 4304 Festo,
570 4243 733 4312 Hieronymo,
784 4242 855 4312 tigia.

243 4318 313 4370 vitae.
330 4316 445 4368 Terentii
474 4315 586 4383 scriptori
621 4316 733 4382 antiquo,
