<?xml version="1.0" encoding="UTF-8"?>
<!DOCTYPE html PUBLIC "-//W3C//DTD XHTML 1.0 Transitional//EN"
    "http://www.w3.org/TR/xhtml1/DTD/xhtml1-transitional.dtd">
<html xmlns="http://www.w3.org/1999/xhtml" xml:lang="en" lang="en">
 <head>
  <title>
</title>
<meta http-equiv="Content-Type" content="text/html;charset=utf-8" />
  <meta name='ocr-system' content='tesseract 3.04.00' />
  <meta name='ocr-capabilities' content='ocr_page ocr_carea ocr_par ocr_line ocrx_word'/>
</head>
<body>
  <div class='ocr_page' id='page_1' title='image "./mfabiiquinctili00gesngoog_0088.png"; bbox 0 0 2942 4928; ppageno 0'>
   <div class='ocr_carea' id='block_1_1' title="bbox 271 425 1086 522">
    <p class='ocr_par' dir='ltr' id='par_1_1' title="bbox 271 425 1086 522">
     <span class='ocr_line' id='line_1_1' title="bbox 271 425 1086 522; baseline 0 -27"><span class='ocrx_word' id='word_1_1' title='bbox 271 435 312 496; x_wconf 76' lang='lat'><em>80</em></span> <span class='ocrx_word' id='word_1_2' title='bbox 513 437 558 496; x_wconf 88' lang='lat' dir='ltr'><em>M.</em></span> <span class='ocrx_word' id='word_1_3' title='bbox 579 431 702 497; x_wconf 82' lang='lat' dir='ltr'><strong>FABII</strong></span> <span class='ocrx_word' id='word_1_4' title='bbox 723 425 1067 522; x_wconf 60' lang='lat' dir='ltr'><strong>QUIN‘CQILIANI</strong></span> <span class='ocrx_word' id='word_1_5' title='bbox 1080 441 1086 448; x_wconf 87' lang='grc'><strong>“</strong></span> 
     </span>
    </p>
   </div>
   <div class='ocr_carea' id='block_1_2' title="bbox 198 595 1352 3588">
    <p class='ocr_par' dir='ltr' id='par_1_2' title="bbox 198 595 1352 3588">
     <span class='ocr_line' id='line_1_2' title="bbox 268 595 1339 687; baseline 0.002 -21"><span class='ocrx_word' id='word_1_6' title='bbox 268 595 394 686; x_wconf 76' lang='lat' dir='ltr'><em>rumque</em></span> <span class='ocrx_word' id='word_1_7' title='bbox 407 599 681 687; x_wconf 84' lang='lat' dir='ltr'><em>conformationibus</em></span> <span class='ocrx_word' id='word_1_8' title='bbox 700 599 877 665; x_wconf 84' lang='lat' dir='ltr'><em>illuminent.</em></span> <span class='ocrx_word' id='word_1_9' title='bbox 920 601 1038 665; x_wconf 70' lang='lat' dir='ltr'><em>Eadem</em></span> <span class='ocrx_word' id='word_1_10' title='bbox 1061 599 1185 664; x_wconf 78' lang='lat' dir='ltr'><em>suntin</em></span> <span class='ocrx_word' id='word_1_11' title='bbox 1208 599 1295 667; x_wconf 80' lang='lat' dir='ltr'><em>Ora·</em></span> <span class='ocrx_word' id='word_1_12' title='bbox 1330 643 1339 654; x_wconf 91' lang='lat'>·</span> 
     </span>
     <span class='ocr_line' id='line_1_3' title="bbox 268 684 1291 772; baseline 0.006 -26"><span class='ocrx_word' id='word_1_13' title='bbox 268 695 338 748; x_wconf 83' lang='lat' dir='ltr'><em>tore</em></span> <span class='ocrx_word' id='word_1_14' title='bbox 352 684 497 770; x_wconf 81' lang='lat' dir='ltr'><em>plurime,</em></span> <span class='ocrx_word' id='word_1_15' title='bbox 514 709 577 750; x_wconf 87' lang='lat' dir='ltr'><em>non</em></span> <span class='ocrx_word' id='word_1_16' title='bbox 594 686 701 751; x_wconf 81' lang='lat' dir='ltr'><em>omnia</em></span> <span class='ocrx_word' id='word_1_17' title='bbox 715 701 833 766; x_wconf 79' lang='lat' dir='ltr'><em>tamen,</em></span> <span class='ocrx_word' id='word_1_18' title='bbox 848 698 881 751; x_wconf 89' lang='lat' dir='ltr'><em>et</em></span> <span class='ocrx_word' id='word_1_19' title='bbox 916 686 1001 751; x_wconf 72' lang='lat' dir='ltr'><em>rullo</em></span> <span class='ocrx_word' id='word_1_20' title='bbox 1015 685 1119 772; x_wconf 81' lang='lat' dir='ltr'><em>magis</em></span> <span class='ocrx_word' id='word_1_21' title='bbox 1132 685 1291 752; x_wconf 64' lang='lat' dir='ltr'><em>distinata:</em></span> 
     </span>
     <span class='ocr_line' id='line_1_4' title="bbox 292 707 1293 859; baseline 0.004 -27"><span class='ocrx_word' id='word_1_22' title='bbox 292 768 345 832; x_wconf 84' lang='lat' dir='ltr'><em>uia</em></span> <span class='ocrx_word' id='word_1_23' title='bbox 358 771 424 854; x_wconf 87' lang='lat' dir='ltr'><em>post</em></span> <span class='ocrx_word' id='word_1_24' title='bbox 438 771 589 836; x_wconf 79' lang='lat' dir='ltr'><em>orationis</em></span> <span class='ocrx_word' id='word_1_25' title='bbox 602 785 636 838; x_wconf 85' lang='lat' dir='ltr'><em>et</em></span> <span class='ocrx_word' id='word_1_26' title='bbox 649 771 874 837; x_wconf 75' lang='lat' dir='ltr'><em>sententiarum</em></span> <span class='ocrx_word' id='word_1_27' title='bbox 890 707 1006 859; x_wconf 67' lang='lat' dir='ltr'><em>iguras</em></span> <span class='ocrx_word' id='word_1_28' title='bbox 1027 771 1157 836; x_wconf 86' lang='lat' dir='ltr'><em>tertium</em></span> <span class='ocrx_word' id='word_1_29' title='bbox 1168 795 1293 858; x_wconf 78' lang='lat' dir='ltr'><em>quem-</em></span> 
     </span>
     <span class='ocr_line' id='line_1_5' title="bbox 266 791 1294 944; baseline 0.005 -26"><span class='ocrx_word' id='word_1_30' title='bbox 266 791 341 918; x_wconf 66' lang='lat' dir='ltr'><em>iam</em></span> <span class='ocrx_word' id='word_1_31' title='bbox 366 854 499 942; x_wconf 86' lang='lat' dir='ltr'><em>subjecit</em></span> <span class='ocrx_word' id='word_1_32' title='bbox 520 855 642 935; x_wconf 89' lang='lat' dir='ltr'><em>locum,</em></span> <span class='ocrx_word' id='word_1_33' title='bbox 656 856 696 922; x_wconf 86' lang='lat' dir='ltr'><em>ad</em></span> <span class='ocrx_word' id='word_1_34' title='bbox 719 857 797 922; x_wconf 79' lang='lat' dir='ltr'><em>alias</em></span> <span class='ocrx_word' id='word_1_35' title='bbox 824 861 874 942; x_wconf 85' lang='lat' dir='ltr'><em>(ut</em></span> <span class='ocrx_word' id='word_1_36' title='bbox 893 857 958 944; x_wconf 86' lang='lat' dir='ltr'><em>ipse</em></span> <span class='ocrx_word' id='word_1_37' title='bbox 976 856 1034 936; x_wconf 84' lang='lat' dir='ltr'><em>ait)</em></span> <span class='ocrx_word' id='word_1_38' title='bbox 1057 857 1140 943; x_wconf 80' lang='lat' dir='ltr'><em>quast</em></span> <span class='ocrx_word' id='word_1_39' title='bbox 1160 857 1294 923; x_wconf 85' lang='lat' dir='ltr'><em>virtutes</em></span> 
     </span>
     <span class='ocr_line' id='line_1_6' title="bbox 264 937 1347 1030; baseline 0.006 -28"><span class='ocrx_word' id='word_1_40' title='bbox 264 937 394 1007; x_wconf 77' lang='lat' dir='ltr'><em>dicendi</em></span> <span class='ocrx_word' id='word_1_41' title='bbox 418 942 640 1026; x_wconf 82' lang='lat' dir='ltr'>pertinentem.</span> <span class='ocrx_word' id='word_1_42' title='bbox 684 943 729 1007; x_wconf 89' lang='lat' dir='ltr'><em>Et</em></span> <span class='ocrx_word' id='word_1_43' title='bbox 752 941 881 1030; x_wconf 87' lang='lat' dir='ltr'><em>reliqua,</em></span> <span class='ocrx_word' id='word_1_44' title='bbox 903 955 963 1006; x_wconf 76' lang='lat' dir='ltr'><em>‘teu</em></span> <span class='ocrx_word' id='word_1_45' title='bbox 983 941 1166 1006; x_wconf 75' lang='lat' dir='ltr'><em>collocatione</em></span> <span class='ocrx_word' id='word_1_46' title='bbox 1184 944 1292 1008; x_wconf 84' lang='lat' dir='ltr'><em>verbo·</em></span> <span class='ocrx_word' id='word_1_47' title='bbox 1304 955 1347 1025; x_wconf 82' lang='lat'><em>37</em></span> 
     </span>
     <span class='ocr_line' id='line_1_7' title="bbox 267 1025 1350 1116; baseline 0.005 -29"><span class='ocrx_word' id='word_1_48' title='bbox 267 1047 336 1088; x_wconf 85' lang='lat' dir='ltr'><em>rum</em></span> <span class='ocrx_word' id='word_1_49' title='bbox 348 1025 422 1113; x_wconf 78' lang='lat' dir='ltr'><em>&#39;quae</em></span> <span class='ocrx_word' id='word_1_50' title='bbox 436 1027 598 1114; x_wconf 84' lang='lat' dir='ltr'><em>sumuntur</em></span> <span class='ocrx_word' id='word_1_51' title='bbox 615 1028 699 1114; x_wconf 80' lang='lat' dir='ltr'><em>quast</em></span> <span class='ocrx_word' id='word_1_52' title='bbox 711 1028 836 1108; x_wconf 82' lang='lat' dir='ltr'><em>lumina,</em></span> <span class='ocrx_word' id='word_1_53' title='bbox 850 1053 992 1116; x_wconf 79' lang='lat' dir='ltr'><em>magorum</em></span> <span class='ocrx_word' id='word_1_54' title='bbox 1007 1027 1139 1114; x_wconf 62' lang='lat' dir='ltr'><em>offic-emt</em></span> <span class='ocrx_word' id='word_1_55' title='bbox 1158 1041 1294 1092; x_wconf 87' lang='lat' dir='ltr'><em>ornatum</em></span> <span class='ocrx_word' id='word_1_56' title='bbox 1344 1097 1350 1106; x_wconf 55' lang='grc'>,</span> 
     </span>
     <span class='ocr_line' id='line_1_8' title="bbox 266 1111 1294 1211; baseline 0.006 -40"><span class='ocrx_word' id='word_1_57' title='bbox 266 1111 404 1174; x_wconf 83' lang='lat' dir='ltr'><em>orationi.</em></span> <span class='ocrx_word' id='word_1_58' title='bbox 450 1112 527 1176; x_wconf 87' lang='lat' dir='ltr'><em>Sunt</em></span> <span class='ocrx_word' id='word_1_59' title='bbox 540 1113 736 1211; x_wconf 77' lang='lat' dir='ltr'><em>enimſsmilia</em></span> <span class='ocrx_word' id='word_1_60' title='bbox 750 1111 822 1192; x_wconf 86' lang='lat' dir='ltr'><em>illis,</em></span> <span class='ocrx_word' id='word_1_61' title='bbox 838 1138 907 1202; x_wconf 79' lang='lat' dir='ltr'><em>quae</em></span> <span class='ocrx_word' id='word_1_62' title='bbox 919 1115 952 1177; x_wconf 89' lang='lat' dir='ltr'><em>in</em></span> <span class='ocrx_word' id='word_1_63' title='bbox 966 1112 1062 1201; x_wconf 76' lang='lat' dir='ltr'><em>amplo</em></span> <span class='ocrx_word' id='word_1_64' title='bbox 1077 1127 1185 1181; x_wconf 86' lang='lat' dir='ltr'><em>ornatu</em></span> <span class='ocrx_word' id='word_1_65' title='bbox 1191 1117 1294 1200; x_wconf 76' lang='lat' dir='ltr'><em>scena</em></span> 
     </span>
     <span class='ocr_line' id='line_1_9' title="bbox 265 1194 1296 1286; baseline 0.005 -28"><span class='ocrx_word' id='word_1_66' title='bbox 265 1209 321 1259; x_wconf 85' lang='lat' dir='ltr'><em>aut</em></span> <span class='ocrx_word' id='word_1_67' title='bbox 331 1194 401 1280; x_wconf 85' lang='lat' dir='ltr'><em>fori</em></span> <span class='ocrx_word' id='word_1_68' title='bbox 414 1195 606 1285; x_wconf 78' lang='lat' dir='ltr'><em>appellantur</em></span> <span class='ocrx_word' id='word_1_69' title='bbox 620 1198 764 1285; x_wconf 66' lang='lat' dir='ltr'><em>attiguus,</em></span> <span class='ocrx_word' id='word_1_70' title='bbox 778 1221 835 1262; x_wconf 89' lang='lat' dir='ltr'><em>non</em></span> <span class='ocrx_word' id='word_1_71' title='bbox 849 1200 929 1286; x_wconf 85' lang='lat' dir='ltr'><em>quod</em></span> <span class='ocrx_word' id='word_1_72' title='bbox 939 1198 1010 1284; x_wconf 70' lang='lat' dir='ltr'><em>stela</em></span> <span class='ocrx_word' id='word_1_73' title='bbox 1023 1199 1204 1284; x_wconf 78' lang='lat' dir='ltr'><em>ornent,sed</em></span> <span class='ocrx_word' id='word_1_74' title='bbox 1216 1199 1296 1286; x_wconf 84' lang='lat' dir='ltr'><em>quod</em></span> 
     </span>
     <span class='ocr_line' id='line_1_10' title="bbox 265 1279 1346 1370; baseline 0.001 -27"><span class='ocrx_word' id='word_1_75' title='bbox 265 1280 423 1346; x_wconf 78' lang='lat' dir='ltr'><em>excellant.</em></span> <span class='ocrx_word' id='word_1_76' title='bbox 467 1283 585 1347; x_wconf 85' lang='lat' dir='ltr'><em>Eadem</em></span> <span class='ocrx_word' id='word_1_77' title='bbox 604 1283 681 1348; x_wconf 89' lang='lat' dir='ltr'><em>ratio</em></span> <span class='ocrx_word' id='word_1_78' title='bbox 702 1281 741 1368; x_wconf 86' lang='lat' dir='ltr'><em>est</em></span> <span class='ocrx_word' id='word_1_79' title='bbox 759 1284 873 1362; x_wconf 88' lang='lat' dir='ltr'><em>borum,</em></span> <span class='ocrx_word' id='word_1_80' title='bbox 887 1307 956 1370; x_wconf 79' lang='lat' dir='ltr'><em>quae</em></span> <span class='ocrx_word' id='word_1_81' title='bbox 966 1285 1043 1370; x_wconf 87' lang='lat' dir='ltr'><em>suut</em></span> <span class='ocrx_word' id='word_1_82' title='bbox 1064 1283 1215 1350; x_wconf 83' lang='lat' dir='ltr'><em>orationis</em></span> <span class='ocrx_word' id='word_1_83' title='bbox 1239 1283 1291 1348; x_wconf 92' lang='lat' dir='ltr'><em>lu·</em></span> <span class='ocrx_word' id='word_1_84' title='bbox 1303 1279 1346 1366; x_wconf 81' lang='lat'><em>38</em></span> 
     </span>
     <span class='ocr_line' id='line_1_11' title="bbox 228 1365 1291 1456; baseline 0.003 -27"><span class='ocrx_word' id='word_1_85' title='bbox 228 1367 232 1376; x_wconf 69' lang='grc'><strong>“</strong></span> <span class='ocrx_word' id='word_1_86' title='bbox 264 1365 364 1445; x_wconf 80' lang='lat' dir='ltr'><em>mina,</em></span> <span class='ocrx_word' id='word_1_87' title='bbox 389 1378 420 1432; x_wconf 86' lang='lat' dir='ltr'><em>et</em></span> <span class='ocrx_word' id='word_1_88' title='bbox 440 1369 648 1454; x_wconf 84' lang='lat' dir='ltr'><em>quodammodo</em></span> <span class='ocrx_word' id='word_1_89' title='bbox 668 1367 822 1456; x_wconf 80' lang='lat' dir='ltr'><em>infignia:</em></span> <span class='ocrx_word' id='word_1_90' title='bbox 860 1393 925 1432; x_wconf 90' lang='lat' dir='ltr'><em>cum</em></span> <span class='ocrx_word' id='word_1_91' title='bbox 946 1379 999 1430; x_wconf 85' lang='lat' dir='ltr'><em>aut</em></span> <span class='ocrx_word' id='word_1_92' title='bbox 1021 1366 1212 1454; x_wconf 68' lang='lat' dir='ltr'><em>duplicantur</em></span> <span class='ocrx_word' id='word_1_93' title='bbox 1234 1369 1291 1432; x_wconf 84' lang='lat' dir='ltr'><em>ite-</em></span> 
     </span>
     <span class='ocr_line' id='line_1_12' title="bbox 263 1453 1352 1540; baseline 0.003 -24"><span class='ocrx_word' id='word_1_94' title='bbox 263 1463 430 1540; x_wconf 85' lang='lat' dir='ltr'><em>ranturque</em></span> <span class='ocrx_word' id='word_1_95' title='bbox 443 1454 550 1533; x_wconf 85' lang='lat' dir='ltr'><em>verbo,</em></span> <span class='ocrx_word' id='word_1_96' title='bbox 566 1467 621 1518; x_wconf 89' lang='lat' dir='ltr'><em>aut</em></span> <span class='ocrx_word' id='word_1_97' title='bbox 640 1453 770 1517; x_wconf 83' lang='lat' dir='ltr'><em>breviter</em></span> <span class='ocrx_word' id='word_1_98' title='bbox 788 1464 965 1517; x_wconf 85' lang='lat' dir='ltr'><em>commutata</em></span> <span class='ocrx_word' id='word_1_99' title='bbox 984 1465 1156 1539; x_wconf 65' lang='lat' dir='ltr'><em>permeatur:</em></span> <span class='ocrx_word' id='word_1_100' title='bbox 1183 1467 1237 1518; x_wconf 89' lang='lat' dir='ltr'><em>aut</em></span> <span class='ocrx_word' id='word_1_101' title='bbox 1252 1456 1293 1518; x_wconf 85' lang='lat' dir='ltr'><em>ab</em></span> <span class='ocrx_word' id='word_1_102' title='bbox 1349 1534 1352 1538; x_wconf 28' lang='grc'><strong>,</strong></span> 
     </span>
     <span class='ocr_line' id='line_1_13' title="bbox 264 1537 1291 1638; baseline 0.005 -40"><span class='ocrx_word' id='word_1_103' title='bbox 264 1538 360 1601; x_wconf 86' lang='lat' dir='ltr'><em>eodem</em></span> <span class='ocrx_word' id='word_1_104' title='bbox 382 1539 472 1602; x_wconf 81' lang='lat' dir='ltr'><em>verbo</em></span> <span class='ocrx_word' id='word_1_105' title='bbox 495 1540 616 1604; x_wconf 85' lang='lat' dir='ltr'><em>ducitur</em></span> <span class='ocrx_word' id='word_1_106' title='bbox 627 1540 742 1638; x_wconf 67' lang='lat' dir='ltr'><em>sapius</em></span> <span class='ocrx_word' id='word_1_107' title='bbox 766 1540 870 1619; x_wconf 83' lang='lat' dir='ltr'><em>oratio,</em></span> <span class='ocrx_word' id='word_1_108' title='bbox 892 1550 946 1602; x_wconf 88' lang='lat' dir='ltr'><em>out</em></span> <span class='ocrx_word' id='word_1_109' title='bbox 971 1537 1004 1600; x_wconf 89' lang='lat' dir='ltr'><em>in</em></span> <span class='ocrx_word' id='word_1_110' title='bbox 1027 1537 1103 1602; x_wconf 83' lang='lat' dir='ltr'><em>idem</em></span> <span class='ocrx_word' id='word_1_111' title='bbox 1128 1539 1291 1626; x_wconf 83' lang='lat' dir='ltr'><em>corejieitur,</em></span> 
     </span>
     <span class='ocr_line' id='line_1_14' title="bbox 263 1623 1293 1713; baseline 0.005 -29"><span class='ocrx_word' id='word_1_112' title='bbox 263 1634 339 1686; x_wconf 81' lang='lat' dir='ltr'><em>autr</em></span> <span class='ocrx_word' id='word_1_113' title='bbox 359 1636 538 1712; x_wconf 87' lang='lat' dir='ltr'><em>utrumque:</em></span> <span class='ocrx_word' id='word_1_114' title='bbox 561 1639 615 1690; x_wconf 90' lang='lat' dir='ltr'><em>aut</em></span> <span class='ocrx_word' id='word_1_115' title='bbox 636 1623 813 1713; x_wconf 73' lang='lat' dir='ltr'><em>orlJuugitur</em></span> <span class='ocrx_word' id='word_1_116' title='bbox 826 1625 902 1688; x_wconf 85' lang='lat' dir='ltr'><em>idem</em></span> <span class='ocrx_word' id='word_1_117' title='bbox 920 1623 1071 1702; x_wconf 87' lang='lat' dir='ltr'><em>iteratum,</em></span> <span class='ocrx_word' id='word_1_118' title='bbox 1084 1635 1139 1685; x_wconf 91' lang='lat' dir='ltr'><em>aut</em></span> <span class='ocrx_word' id='word_1_119' title='bbox 1159 1625 1234 1688; x_wconf 84' lang='lat' dir='ltr'><em>idem</em></span> <span class='ocrx_word' id='word_1_120' title='bbox 1248 1627 1293 1690; x_wconf 81' lang='lat' dir='ltr'><em>ael</em></span> 
     </span>
     <span class='ocr_line' id='line_1_15' title="bbox 262 1708 1290 1797; baseline 0.003 -27"><span class='ocrx_word' id='word_1_121' title='bbox 262 1719 421 1773; x_wconf 81' lang='lat' dir='ltr'><em>extremum</em></span> <span class='ocrx_word' id='word_1_122' title='bbox 434 1711 585 1797; x_wconf 81' lang='lat' dir='ltr'><em>refertur.-</em></span> <span class='ocrx_word' id='word_1_123' title='bbox 608 1723 663 1775; x_wconf 89' lang='lat' dir='ltr'><em>aut</em></span> <span class='ocrx_word' id='word_1_124' title='bbox 677 1711 852 1774; x_wconf 70' lang='lat' dir='ltr'><em>continenter</em></span> <span class='ocrx_word' id='word_1_125' title='bbox 865 1733 956 1774; x_wconf 83' lang='lat' dir='ltr'><em>anum</em></span> <span class='ocrx_word' id='word_1_126' title='bbox 969 1708 1094 1772; x_wconf 82' lang='lat' dir='ltr'><em>uerbum</em></span> <span class='ocrx_word' id='word_1_127' title='bbox 1106 1731 1163 1772; x_wconf 85' lang='lat' dir='ltr'><em>nou</em></span> <span class='ocrx_word' id='word_1_128' title='bbox 1184 1709 1217 1772; x_wconf 89' lang='lat' dir='ltr'><em>in</em></span> <span class='ocrx_word' id='word_1_129' title='bbox 1237 1731 1290 1773; x_wconf 89' lang='lat' dir='ltr'><em>ea·</em></span> 
     </span>
     <span class='ocr_line' id='line_1_16' title="bbox 262 1791 1288 1884; baseline 0.001 -27"><span class='ocrx_word' id='word_1_130' title='bbox 262 1793 329 1858; x_wconf 78' lang='lat' dir='ltr'><em>deu</em></span> <span class='ocrx_word' id='word_1_131' title='bbox 341 1795 493 1878; x_wconf 85' lang='lat' dir='ltr'><em>sententia</em></span> <span class='ocrx_word' id='word_1_132' title='bbox 511 1797 651 1884; x_wconf 82' lang='lat' dir='ltr'><em>ponitur:</em></span> <span class='ocrx_word' id='word_1_133' title='bbox 674 1808 728 1858; x_wconf 90' lang='lat' dir='ltr'><em>aut</em></span> <span class='ocrx_word' id='word_1_134' title='bbox 740 1819 804 1858; x_wconf 86' lang='lat' dir='ltr'><em>crem</em></span> <span class='ocrx_word' id='word_1_135' title='bbox 815 1795 957 1881; x_wconf 85' lang='lat' dir='ltr'><em>ſsmiliter</em></span> <span class='ocrx_word' id='word_1_136' title='bbox 976 1793 1028 1858; x_wconf 84' lang='lat' dir='ltr'><em>vel</em></span> <span class='ocrx_word' id='word_1_137' title='bbox 1047 1791 1158 1858; x_wconf 85' lang='lat' dir='ltr'><em>cadunt</em></span> <span class='ocrx_word' id='word_1_138' title='bbox 1182 1794 1288 1876; x_wconf 84' lang='lat' dir='ltr'><em>verba,</em></span> 
     </span>
     <span class='ocr_line' id='line_1_17' title="bbox 262 1877 1348 1965; baseline 0.003 -23"><span class='ocrx_word' id='word_1_139' title='bbox 262 1877 316 1942; x_wconf 83' lang='lat' dir='ltr'><em>uel</em></span> <span class='ocrx_word' id='word_1_140' title='bbox 328 1879 484 1964; x_wconf 81' lang='lat' dir='ltr'><em>defluunt:</em></span> <span class='ocrx_word' id='word_1_141' title='bbox 507 1893 578 1944; x_wconf 79' lang='lat' dir='ltr'><em>aut³</em></span> <span class='ocrx_word' id='word_1_142' title='bbox 600 1881 702 1944; x_wconf 86' lang='lat' dir='ltr'><em>multis</em></span> <span class='ocrx_word' id='word_1_143' title='bbox 715 1881 806 1944; x_wconf 81' lang='lat' dir='ltr'><em>modis</em></span> <span class='ocrx_word' id='word_1_144' title='bbox 827 1880 981 1945; x_wconf 81' lang='lat' dir='ltr'><em>contrariis</em></span> <span class='ocrx_word' id='word_1_145' title='bbox 1002 1878 1100 1945; x_wconf 87' lang='lat' dir='ltr'><em>relata</em></span> <span class='ocrx_word' id='word_1_146' title='bbox 1114 1880 1263 1944; x_wconf 86' lang='lat' dir='ltr'><em>contraria</em></span> <span class='ocrx_word' id='word_1_147' title='bbox 1276 1907 1287 1945; x_wconf 90' lang='grc'><em>.·</em></span> <span class='ocrx_word' id='word_1_148' title='bbox 1300 1897 1348 1965; x_wconf 81' lang='lat'><em>39¹</em></span> 
     </span>
     <span class='ocr_line' id='line_1_18' title="bbox 261 1966 1287 2054; baseline 0.004 -28"><span class='ocrx_word' id='word_1_149' title='bbox 261 1976 319 2027; x_wconf 86' lang='lat' dir='ltr'><em>aut</em></span> <span class='ocrx_word' id='word_1_150' title='bbox 332 1989 397 2028; x_wconf 89' lang='lat' dir='ltr'><em>cum</em></span> <span class='ocrx_word' id='word_1_151' title='bbox 417 1967 572 2053; x_wconf 82' lang='lat' dir='ltr'><em>gradatim</em></span> <span class='ocrx_word' id='word_1_152' title='bbox 584 1967 704 2053; x_wconf 88' lang='lat' dir='ltr'><em>sursum</em></span> <span class='ocrx_word' id='word_1_153' title='bbox 719 1967 821 2054; x_wconf 84' lang='lat' dir='ltr'><em>versus</em></span> <span class='ocrx_word' id='word_1_154' title='bbox 844 1966 983 2030; x_wconf 76' lang='lat' dir='ltr'><em>reditur:</em></span> <span class='ocrx_word' id='word_1_155' title='bbox 1006 1974 1059 2030; x_wconf 86' lang='lat' dir='ltr'><em>aut</em></span> <span class='ocrx_word' id='word_1_156' title='bbox 1080 1987 1145 2029; x_wconf 85' lang='lat' dir='ltr'><em>cum</em></span> <span class='ocrx_word' id='word_1_157' title='bbox 1167 1966 1287 2032; x_wconf 63' lang='lat' dir='ltr'><em>tantist</em></span> 
     </span>
     <span class='ocr_line' id='line_1_19' title="bbox 260 2049 1293 2150; baseline 0.002 -37"><span class='ocrx_word' id='word_1_158' title='bbox 260 2051 508 2138; x_wconf 62' lang='lat' dir='ltr'><em>conjunflionilus</em></span> <span class='ocrx_word' id='word_1_159' title='bbox 533 2051 665 2138; x_wconf 78' lang='lat' dir='ltr'><em>drffolute</em></span> <span class='ocrx_word' id='word_1_160' title='bbox 687 2050 781 2138; x_wconf 78' lang='lat' dir='ltr'><em>plura</em></span> <span class='ocrx_word' id='word_1_161' title='bbox 809 2049 969 2116; x_wconf 83' lang='lat' dir='ltr'><em>dicuntur:</em></span> <span class='ocrx_word' id='word_1_162' title='bbox 1004 2061 1057 2114; x_wconf 89' lang='lat' dir='ltr'><em>aul</em></span> <span class='ocrx_word' id='word_1_163' title='bbox 1086 2073 1150 2115; x_wconf 87' lang='lat' dir='ltr'><em>oum</em></span> <span class='ocrx_word' id='word_1_164' title='bbox 1173 2049 1293 2150; x_wconf 79' lang='lat' dir='ltr'><em>aliquid</em></span> 
     </span>
     <span class='ocr_line' id='line_1_20' title="bbox 256 2135 1291 2222; baseline 0.004 -26"><span class='ocrx_word' id='word_1_165' title='bbox 256 2137 480 2222; x_wconf 76' lang='lat' dir='ltr'><em>praetereuntes,</em></span> <span class='ocrx_word' id='word_1_166' title='bbox 497 2159 550 2200; x_wconf 86' lang='lat' dir='ltr'><em>cur</em></span> <span class='ocrx_word' id='word_1_167' title='bbox 572 2138 607 2199; x_wconf 86' lang='lat' dir='ltr'><em>id</em></span> <span class='ocrx_word' id='word_1_168' title='bbox 615 2137 771 2220; x_wconf 83' lang='lat' dir='ltr'><em>faciamus</em></span> <span class='ocrx_word' id='word_1_169' title='bbox 795 2135 984 2222; x_wconf 82' lang='lat' dir='ltr'><em>ostendimus:</em></span> <span class='ocrx_word' id='word_1_170' title='bbox 1007 2147 1063 2198; x_wconf 89' lang='lat' dir='ltr'><em>aut</em></span> <span class='ocrx_word' id='word_1_171' title='bbox 1081 2153 1148 2200; x_wconf 72' lang='lat' dir='ltr'><em>eum</em></span> <span class='ocrx_word' id='word_1_172' title='bbox 1171 2135 1291 2220; x_wconf 52' lang='lat' dir='ltr'><em>corrigi*</em></span> 
     </span>
     <span class='ocr_line' id='line_1_21' title="bbox 261 2219 1288 2318; baseline 0.001 -35"><span class='ocrx_word' id='word_1_173' title='bbox 261 2244 326 2284; x_wconf 86' lang='lat' dir='ltr'><em>mus</em></span> <span class='ocrx_word' id='word_1_174' title='bbox 340 2223 446 2308; x_wconf 86' lang='lat' dir='ltr'><em>nosmet</em></span> <span class='ocrx_word' id='word_1_175' title='bbox 460 2221 544 2310; x_wconf 75' lang='lat' dir='ltr'><em>ipsos,</em></span> <span class='ocrx_word' id='word_1_176' title='bbox 559 2221 644 2318; x_wconf 82' lang='lat' dir='ltr'><em>quest</em></span> <span class='ocrx_word' id='word_1_177' title='bbox 656 2221 915 2308; x_wconf 66' lang='lat' dir='ltr'><em>reprehendentes:</em></span> <span class='ocrx_word' id='word_1_178' title='bbox 939 2234 994 2285; x_wconf 89' lang='lat' dir='ltr'><em>aut</em></span> <span class='ocrx_word' id='word_1_179' title='bbox 1005 2221 1039 2309; x_wconf 83' lang='lat' dir='ltr'><em>fi</em></span> <span class='ocrx_word' id='word_1_180' title='bbox 1058 2219 1098 2310; x_wconf 64' lang='lat' dir='ltr'><em>cll</em></span> <span class='ocrx_word' id='word_1_181' title='bbox 1117 2219 1221 2307; x_wconf 84' lang='lat' dir='ltr'><em>aliqua</em></span> <span class='ocrx_word' id='word_1_182' title='bbox 1235 2245 1288 2284; x_wconf 82' lang='lat' dir='ltr'><em>ex-</em></span> 
     </span>
     <span class='ocr_line' id='line_1_22' title="bbox 261 2303 1287 2393; baseline 0.002 -26"><span class='ocrx_word' id='word_1_183' title='bbox 261 2303 398 2370; x_wconf 87' lang='lat' dir='ltr'><em>clamatio</em></span> <span class='ocrx_word' id='word_1_184' title='bbox 411 2305 464 2370; x_wconf 84' lang='lat' dir='ltr'><em>vel</em></span> <span class='ocrx_word' id='word_1_185' title='bbox 484 2306 690 2370; x_wconf 79' lang='lat' dir='ltr'><em>admirationis</em></span> <span class='ocrx_word' id='word_1_186' title='bbox 706 2305 759 2370; x_wconf 85' lang='lat' dir='ltr'><em>vel</em></span> <span class='ocrx_word' id='word_1_187' title='bbox 778 2305 1029 2393; x_wconf 75' lang='lat' dir='ltr'><em>conquestionis¹²s</em></span> <span class='ocrx_word' id='word_1_188' title='bbox 1051 2319 1105 2369; x_wconf 90' lang='lat' dir='ltr'><em>aut</em></span> <span class='ocrx_word' id='word_1_189' title='bbox 1126 2329 1191 2369; x_wconf 90' lang='lat' dir='ltr'><em>cum</em></span> <span class='ocrx_word' id='word_1_190' title='bbox 1212 2306 1287 2392; x_wconf 83' lang='lat' dir='ltr'><em>ejces·</em></span> 
     </span>
     <span class='ocr_line' id='line_1_23' title="bbox 259 2390 1348 2480; baseline 0.001 -27"><span class='ocrx_word' id='word_1_191' title='bbox 259 2390 326 2453; x_wconf 77' lang='lat' dir='ltr'><em>dem</em></span> <span class='ocrx_word' id='word_1_192' title='bbox 338 2391 460 2454; x_wconf 86' lang='lat' dir='ltr'><em>nominis</em></span> <span class='ocrx_word' id='word_1_193' title='bbox 482 2393 564 2477; x_wconf 79' lang='lat' dir='ltr'><em>casm</em></span> <span class='ocrx_word' id='word_1_194' title='bbox 575 2391 691 2480; x_wconf 76' lang='lat' dir='ltr'><em>saepius</em></span> <span class='ocrx_word' id='word_1_195' title='bbox 710 2403 932 2456; x_wconf 88' lang='lat' dir='ltr'><em>commutantur.</em></span> <span class='ocrx_word' id='word_1_196' title='bbox 974 2391 1217 2454; x_wconf 72' lang='lat' dir='ltr'><em>vSententiarum</em></span> <span class='ocrx_word' id='word_1_197' title='bbox 1238 2416 1286 2454; x_wconf 93' lang='lat' dir='ltr'><em>or-</em></span> <span class='ocrx_word' id='word_1_198' title='bbox 1299 2411 1348 2476; x_wconf 42' lang='lat'><em>40,</em></span> 
     </span>
     <span class='ocr_line' id='line_1_24' title="bbox 258 2473 1288 2574; baseline 0.003 -37"><span class='ocrx_word' id='word_1_199' title='bbox 258 2488 399 2539; x_wconf 89' lang='lat' dir='ltr'><em>uamenta</em></span> <span class='ocrx_word' id='word_1_200' title='bbox 418 2477 533 2562; x_wconf 87' lang='lat' dir='ltr'><em>majora</em></span> <span class='ocrx_word' id='word_1_201' title='bbox 543 2479 640 2561; x_wconf 81' lang='lat' dir='ltr'><em>sient:</em></span> <span class='ocrx_word' id='word_1_202' title='bbox 664 2475 769 2562; x_wconf 83' lang='lat' dir='ltr'><em>quibus</em></span> <span class='ocrx_word' id='word_1_203' title='bbox 788 2476 859 2574; x_wconf 83' lang='lat' dir='ltr'><em>quio</em></span> <span class='ocrx_word' id='word_1_204' title='bbox 868 2473 1104 2564; x_wconf 71' lang='lat' dir='ltr'><em>frequentffme</em></span> <span class='ocrx_word' id='word_1_205' title='bbox 1119 2474 1288 2562; x_wconf 60' lang='lat' dir='ltr'><em>Damatha-</em></span> 
     </span>
     <span class='ocr_line' id='line_1_25' title="bbox 259 2560 1290 2650; baseline 0.004 -28"><span class='ocrx_word' id='word_1_206' title='bbox 259 2583 311 2622; x_wconf 84' lang='lat' dir='ltr'><em>ues</em></span> <span class='ocrx_word' id='word_1_207' title='bbox 326 2561 440 2639; x_wconf 84' lang='lat' dir='ltr'><em>utitur,</em></span> <span class='ocrx_word' id='word_1_208' title='bbox 452 2563 529 2646; x_wconf 88' lang='lat' dir='ltr'><em>sunt</em></span> <span class='ocrx_word' id='word_1_209' title='bbox 551 2562 604 2650; x_wconf 87' lang='lat' dir='ltr'><em>qui</em></span> <span class='ocrx_word' id='word_1_210' title='bbox 613 2573 727 2649; x_wconf 84' lang='lat' dir='ltr'><em>putent,</em></span> <span class='ocrx_word' id='word_1_211' title='bbox 741 2561 846 2625; x_wconf 74' lang='lat' dir='ltr'><em>ideireo</em></span> <span class='ocrx_word' id='word_1_212' title='bbox 861 2563 922 2648; x_wconf 85' lang='lat' dir='ltr'><em>ejus</em></span> <span class='ocrx_word' id='word_1_213' title='bbox 946 2560 1141 2650; x_wconf 80' lang='lat' dir='ltr'><em>eloquentiam</em></span> <span class='ocrx_word' id='word_1_214' title='bbox 1162 2561 1290 2626; x_wconf 81' lang='lat' dir='ltr'><em>monime</em></span> 
     </span>
     <span class='ocr_line' id='line_1_26' title="bbox 258 2645 1290 2730; baseline 0.001 -20"><span class='ocrx_word' id='word_1_215' title='bbox 258 2645 314 2730; x_wconf 75' lang='lat' dir='ltr'><em>effi</em></span> <span class='ocrx_word' id='word_1_216' title='bbox 335 2645 529 2716; x_wconf 82' lang='lat' dir='ltr'><em>laudabilem.</em></span> <span class='ocrx_word' id='word_1_217' title='bbox 575 2645 762 2712; x_wconf 62' lang='lat' dir='ltr'><em>Enimvero*</em></span> <span class='ocrx_word' id='word_1_218' title='bbox 787 2645 887 2710; x_wconf 86' lang='lat' dir='ltr'><em>nullus</em></span> <span class='ocrx_word' id='word_1_219' title='bbox 906 2646 979 2730; x_wconf 81' lang='lat' dir='ltr'><em>fere</em></span> <span class='ocrx_word' id='word_1_220' title='bbox 1007 2646 1046 2710; x_wconf 88' lang='lat' dir='ltr'><em>ab</em></span> <span class='ocrx_word' id='word_1_221' title='bbox 1071 2666 1101 2710; x_wconf 88' lang='lat' dir='ltr'><em>eo</em></span> <span class='ocrx_word' id='word_1_222' title='bbox 1124 2645 1202 2709; x_wconf 86' lang='lat' dir='ltr'><em>locus</em></span> <span class='ocrx_word' id='word_1_223' title='bbox 1218 2647 1290 2730; x_wconf 77' lang='lat' dir='ltr'><em>stne</em></span> 
     </span>
     <span class='ocr_line' id='line_1_27' title="bbox 258 2730 1287 2820; baseline 0.004 -28"><span class='ocrx_word' id='word_1_224' title='bbox 258 2731 390 2820; x_wconf 81' lang='lat' dir='ltr'><em>quedam</em></span> <span class='ocrx_word' id='word_1_225' title='bbox 404 2731 628 2818; x_wconf 71' lang='lat' dir='ltr'><em>corfformatione</em></span> <span class='ocrx_word' id='word_1_226' title='bbox 642 2743 655 2784; x_wconf 73' lang='lat'><em>5</em></span> <span class='ocrx_word' id='word_1_227' title='bbox 666 2732 827 2817; x_wconf 69' lang='lat' dir='ltr'><em>sententiae</em></span> <span class='ocrx_word' id='word_1_228' title='bbox 842 2731 996 2796; x_wconf 76' lang='lat' dir='ltr'><em>elicitur¹e</em></span> <span class='ocrx_word' id='word_1_229' title='bbox 1017 2755 1069 2795; x_wconf 84' lang='lat' dir='ltr'><em>nec</em></span> <span class='ocrx_word' id='word_1_230' title='bbox 1090 2730 1179 2796; x_wconf 85' lang='lat' dir='ltr'><em>aliud</em></span> <span class='ocrx_word' id='word_1_231' title='bbox 1197 2732 1287 2819; x_wconf 87' lang='lat' dir='ltr'><em>quid-</em></span> 
     </span>
     <span class='ocr_line' id='line_1_28' title="bbox 258 2815 1341 2914; baseline 0.006 -37"><span class='ocrx_word' id='word_1_232' title='bbox 258 2815 415 2914; x_wconf 76' lang='lat' dir='ltr'><em>quam&#39;css</em></span> <span class='ocrx_word' id='word_1_233' title='bbox 435 2819 540 2896; x_wconf 86' lang='lat' dir='ltr'><em>dicere,</em></span> <span class='ocrx_word' id='word_1_234' title='bbox 556 2817 613 2902; x_wconf 70' lang='lat' dir='ltr'><em>nfi</em></span> <span class='ocrx_word' id='word_1_235' title='bbox 632 2839 725 2882; x_wconf 86' lang='lat' dir='ltr'><em>omncs</em></span> <span class='ocrx_word' id='word_1_236' title='bbox 748 2829 801 2880; x_wconf 89' lang='lat' dir='ltr'><em>aut</em></span> <span class='ocrx_word' id='word_1_237' title='bbox 822 2827 896 2880; x_wconf 88' lang='lat' dir='ltr'><em>certe</em></span> <span class='ocrx_word' id='word_1_238' title='bbox 907 2817 1061 2905; x_wconf 80' lang='lat' dir='ltr'><em>plerasque</em></span> <span class='ocrx_word' id='word_1_239' title='bbox 1075 2815 1177 2904; x_wconf 77' lang='lat' dir='ltr'><em>aliqua</em></span> <span class='ocrx_word' id='word_1_240' title='bbox 1188 2818 1288 2906; x_wconf 83' lang='lat' dir='ltr'><em>specie</em></span> <span class='ocrx_word' id='word_1_241' title='bbox 1335 2839 1341 2902; x_wconf 47' lang='grc' dir='ltr'>ζ</span> 
     </span>
     <span class='ocr_line' id='line_1_29' title="bbox 258 2899 1338 2989; baseline 0.006 -25"><span class='ocrx_word' id='word_1_242' title='bbox 258 2899 430 2965; x_wconf 72' lang='lat' dir='ltr'><em>illuminare</em></span> <span class='ocrx_word' id='word_1_243' title='bbox 439 2903 618 2988; x_wconf 86' lang='lat' dir='ltr'><em>sententias.</em></span> <span class='ocrx_word' id='word_1_244' title='bbox 664 2901 745 2966; x_wconf 81' lang='lat' dir='ltr'><em>Oreas</em></span> <span class='ocrx_word' id='word_1_245' title='bbox 766 2925 830 2966; x_wconf 90' lang='lat' dir='ltr'><em>eum</em></span> <span class='ocrx_word' id='word_1_246' title='bbox 856 2915 889 2964; x_wconf 92' lang='lat' dir='ltr'><em>tu</em></span> <span class='ocrx_word' id='word_1_247' title='bbox 910 2903 1026 2989; x_wconf 79' lang='lat' dir='ltr'><em>optime,</em></span> <span class='ocrx_word' id='word_1_248' title='bbox 1048 2901 1156 2979; x_wconf 50' lang='lat' dir='ltr'><em>Brute.</em></span> <span class='ocrx_word' id='word_1_249' title='bbox 1175 2911 1285 2982; x_wconf 87' lang='lat' dir='ltr'><em>leneas,</em></span> <span class='ocrx_word' id='word_1_250' title='bbox 1297 2923 1338 2987; x_wconf 92' lang='lat'><em>41</em></span> 
     </span>
     <span class='ocr_line' id='line_1_30' title="bbox 258 2985 1285 3076; baseline 0.001 -28"><span class='ocrx_word' id='word_1_251' title='bbox 258 2987 335 3074; x_wconf 82' lang='lat' dir='ltr'><em>quid</em></span> <span class='ocrx_word' id='word_1_252' title='bbox 353 2987 459 3050; x_wconf 86' lang='lat' dir='ltr'><em>attinet</em></span> <span class='ocrx_word' id='word_1_253' title='bbox 479 2987 642 3051; x_wconf 86' lang='lat' dir='ltr'><em>nominibus</em></span> <span class='ocrx_word' id='word_1_254' title='bbox 655 2986 712 3066; x_wconf 89' lang='lat' dir='ltr'><em>uti,</em></span> <span class='ocrx_word' id='word_1_255' title='bbox 728 2998 782 3049; x_wconf 90' lang='lat' dir='ltr'><em>aut</em></span> <span class='ocrx_word' id='word_1_256' title='bbox 796 2985 964 3076; x_wconf 78' lang='lat' dir='ltr'><em>exemplis?</em></span> <span class='ocrx_word' id='word_1_257' title='bbox 986 2985 1183 3050; x_wconf 85' lang='lat' dir='ltr'><em>tantummodo</em></span> <span class='ocrx_word' id='word_1_258' title='bbox 1202 3000 1285 3050; x_wconf 89' lang='lat' dir='ltr'><em>note-</em></span> 
     </span>
     <span class='ocr_line' id='line_1_31' title="bbox 259 3069 1287 3219; baseline 0.001 -85"><span class='ocrx_word' id='word_1_259' title='bbox 259 3084 310 3134; x_wconf 81' lang='lat' dir='ltr'><em>tur</em></span> <span class='ocrx_word' id='word_1_260' title='bbox 332 3069 431 3145; x_wconf 57' lang='lat' dir='ltr'><em>locus„</em></span> <span class='ocrx_word' id='word_1_261' title='bbox 467 3072 516 3136; x_wconf 88' lang='lat' dir='ltr'><em>Sia</em></span> <span class='ocrx_word' id='word_1_262' title='bbox 537 3071 632 3158; x_wconf 84' lang='lat' dir='ltr'><em>igitur</em></span> <span class='ocrx_word' id='word_1_263' title='bbox 655 3071 731 3158; x_wconf 71' lang='lat' dir='ltr'><em>ilicet</em></span> <span class='ocrx_word' id='word_1_264' title='bbox 755 3071 816 3149; x_wconf 92' lang='lat' dir='ltr'><em>ille,</em></span> <span class='ocrx_word' id='word_1_265' title='bbox 839 3095 924 3159; x_wconf 88' lang='lat' dir='ltr'><em>quem</em></span> <span class='ocrx_word' id='word_1_266' title='bbox 944 3073 1113 3161; x_wconf 82' lang='lat' dir='ltr'><em>expetimus,</em></span> <span class='ocrx_word' id='word_1_267' title='bbox 1136 3084 1170 3134; x_wconf 91' lang='lat' dir='ltr'><em>ut</em></span> <span class='ocrx_word' id='word_1_268' title='bbox 1192 3073 1287 3219; x_wconf 51' lang='lat' dir='ltr'><em>vesse</em></span> 
     </span>
     <span class='ocr_line' id='line_1_32' title="bbox 198 3154 1285 3243; baseline 0.002 -25"><span class='ocrx_word' id='word_1_269' title='bbox 198 3192 203 3202; x_wconf 84' lang='lat'><strong>.</strong></span> <span class='ocrx_word' id='word_1_270' title='bbox 248 3157 334 3243; x_wconf 84' lang='lat' dir='ltr'><em>saepe</em></span> <span class='ocrx_word' id='word_1_271' title='bbox 350 3154 449 3220; x_wconf 88' lang='lat' dir='ltr'><em>multis</em></span> <span class='ocrx_word' id='word_1_272' title='bbox 463 3157 555 3225; x_wconf 81' lang='lat' dir='ltr'><em>modis</em></span> <span class='ocrx_word' id='word_1_273' title='bbox 570 3157 698 3220; x_wconf 82' lang='lat' dir='ltr'><em>eamdem</em></span> <span class='ocrx_word' id='word_1_274' title='bbox 708 3168 721 3194; x_wconf 83' lang='lat'><strong>¹</strong></span> <span class='ocrx_word' id='word_1_275' title='bbox 732 3169 760 3218; x_wconf 91' lang='lat' dir='ltr'><em>et</em></span> <span class='ocrx_word' id='word_1_276' title='bbox 772 3181 863 3220; x_wconf 87' lang='lat' dir='ltr'><em>uuam</em></span> <span class='ocrx_word' id='word_1_277' title='bbox 877 3181 949 3237; x_wconf 87' lang='lat' dir='ltr'><em>rem,</em></span> <span class='ocrx_word' id='word_1_278' title='bbox 965 3171 993 3221; x_wconf 89' lang='lat' dir='ltr'><em>et</em></span> <span class='ocrx_word' id='word_1_279' title='bbox 1007 3157 1121 3220; x_wconf 80' lang='lat' dir='ltr'><em>haereat</em></span> <span class='ocrx_word' id='word_1_280' title='bbox 1141 3157 1172 3220; x_wconf 89' lang='lat' dir='ltr'><em>in</em></span> <span class='ocrx_word' id='word_1_281' title='bbox 1186 3180 1229 3218; x_wconf 74' lang='lat' dir='ltr'><em>eae</em></span> <span class='ocrx_word' id='word_1_282' title='bbox 1242 3181 1285 3220; x_wconf 90' lang='lat' dir='ltr'><em>em</em></span> 
     </span>
     <span class='ocr_line' id='line_1_33' title="bbox 256 3240 1338 3338; baseline 0.002 -34"><span class='ocrx_word' id='word_1_283' title='bbox 256 3255 497 3338; x_wconf 82' lang='lat' dir='ltr'><em>commoreturque</em></span> <span class='ocrx_word' id='word_1_284' title='bbox 509 3241 673 3328; x_wconf 84' lang='lat' dir='ltr'><em>sententio.</em></span> <span class='ocrx_word' id='word_1_285' title='bbox 718 3241 804 3332; x_wconf 72' lang='lat' dir='ltr'><em>Saepe</em></span> <span class='ocrx_word' id='word_1_286' title='bbox 822 3242 910 3316; x_wconf 84' lang='lat' dir='ltr'><em>etiam</em></span> <span class='ocrx_word' id='word_1_287' title='bbox 932 3255 967 3320; x_wconf 81' lang='lat' dir='ltr'><em>ut</em></span> <span class='ocrx_word' id='word_1_288' title='bbox 991 3253 1124 3307; x_wconf 82' lang='lat' dir='ltr'><em>extenuet</em></span> <span class='ocrx_word' id='word_1_289' title='bbox 1145 3240 1338 3329; x_wconf 74' lang='lat' dir='ltr'><em>aliquids42</em></span> 
     </span>
     <span class='ocr_line' id='line_1_34' title="bbox 245 3324 1290 3416; baseline 0.002 -28"><span class='ocrx_word' id='word_1_290' title='bbox 245 3327 333 3411; x_wconf 77' lang='lat' dir='ltr'><em>sape</em></span> <span class='ocrx_word' id='word_1_291' title='bbox 346 3339 381 3390; x_wconf 93' lang='lat' dir='ltr'><em>ut</em></span> <span class='ocrx_word' id='word_1_292' title='bbox 395 3327 541 3390; x_wconf 78' lang='lat' dir='ltr'><em>irrideat:</em></span> <span class='ocrx_word' id='word_1_293' title='bbox 562 3338 597 3390; x_wconf 93' lang='lat' dir='ltr'><em>ut</em></span> <span class='ocrx_word' id='word_1_294' title='bbox 611 3324 736 3390; x_wconf 87' lang='lat' dir='ltr'><em>declinet</em></span> <span class='ocrx_word' id='word_1_295' title='bbox 750 3351 770 3389; x_wconf 93' lang='lat' dir='ltr'><em>a</em></span> <span class='ocrx_word' id='word_1_296' title='bbox 786 3327 941 3416; x_wconf 78' lang='lat' dir='ltr'><em>proprfito‚</em></span> <span class='ocrx_word' id='word_1_297' title='bbox 958 3327 1149 3414; x_wconf 72' lang='lat' dir='ltr'><em>deflectatque</em></span> <span class='ocrx_word' id='word_1_298' title='bbox 1159 3329 1290 3412; x_wconf 36' lang='lat' dir='ltr'><em>senten-r</em></span> 
     </span>
     <span class='ocr_line' id='line_1_35' title="bbox 257 3409 1286 3500; baseline 0.002 -27"><span class='ocrx_word' id='word_1_299' title='bbox 257 3411 353 3476; x_wconf 85' lang='lat' dir='ltr'><em>tiam:</em></span> <span class='ocrx_word' id='word_1_300' title='bbox 385 3424 420 3474; x_wconf 88' lang='lat' dir='ltr'><em>ut</em></span> <span class='ocrx_word' id='word_1_301' title='bbox 438 3425 594 3499; x_wconf 82' lang='lat' dir='ltr'><em>proponat,</em></span> <span class='ocrx_word' id='word_1_302' title='bbox 619 3409 694 3500; x_wconf 85' lang='lat' dir='ltr'><em>quid</em></span> <span class='ocrx_word' id='word_1_303' title='bbox 715 3411 848 3476; x_wconf 67' lang='lat' dir='ltr'><em>dicturus</em></span> <span class='ocrx_word' id='word_1_304' title='bbox 858 3413 927 3498; x_wconf 82' lang='lat' dir='ltr'><em>stt.-</em></span> <span class='ocrx_word' id='word_1_305' title='bbox 952 3427 997 3491; x_wconf 88' lang='lat' dir='ltr'><em>ut‚</em></span> <span class='ocrx_word' id='word_1_306' title='bbox 1019 3435 1085 3475; x_wconf 92' lang='lat' dir='ltr'><em>cum</em></span> <span class='ocrx_word' id='word_1_307' title='bbox 1111 3411 1286 3498; x_wconf 82' lang='lat' dir='ltr'><em>transegerit</em></span> 
     </span>
     <span class='ocr_line' id='line_1_36' title="bbox 244 3495 1283 3588; baseline 0 -28"><span class='ocrx_word' id='word_1_308' title='bbox 244 3496 317 3584; x_wconf 87' lang='lat' dir='ltr'><em>jam</em></span> <span class='ocrx_word' id='word_1_309' title='bbox 333 3495 470 3586; x_wconf 57' lang='lat' dir='ltr'><em>¹aliquid,</em></span> <span class='ocrx_word' id='word_1_310' title='bbox 493 3496 639 3588; x_wconf 71' lang='lat' dir='ltr'><em>definiat:</em></span> <span class='ocrx_word' id='word_1_311' title='bbox 660 3511 696 3563; x_wconf 93' lang='lat' dir='ltr'><em>ut</em></span> <span class='ocrx_word' id='word_1_312' title='bbox 704 3499 742 3584; x_wconf 89' lang='lat' dir='ltr'><em>fe</em></span> <span class='ocrx_word' id='word_1_313' title='bbox 766 3498 824 3585; x_wconf 82' lang='lat' dir='ltr'><em>ipse</em></span> <span class='ocrx_word' id='word_1_314' title='bbox 845 3511 978 3562; x_wconf 82' lang='lat' dir='ltr'><em>reuocet:</em></span> <span class='ocrx_word' id='word_1_315' title='bbox 1001 3509 1046 3578; x_wconf 88' lang='lat' dir='ltr'><em>ut,</em></span> <span class='ocrx_word' id='word_1_316' title='bbox 1069 3498 1147 3586; x_wconf 83' lang='lat' dir='ltr'><em>quod</em></span> <span class='ocrx_word' id='word_1_317' title='bbox 1169 3497 1283 3577; x_wconf 61' lang='lat' dir='ltr'><em>luith,</em></span> 
     </span>
    </p>
   </div>
   <div class='ocr_carea' id='block_1_3' title="bbox 250 3697 1467 4080">
    <p class='ocr_par' dir='ltr' id='par_1_3' title="bbox 250 3697 1467 4080">
     <span class='ocr_line' id='line_1_37' title="bbox 287 3697 1282 3770; baseline -0.005 -16"><span class='ocrx_word' id='word_1_318' title='bbox 287 3710 300 3744; x_wconf 80' lang='lat' dir='ltr'><em>‘t</em></span> <span class='ocrx_word' id='word_1_319' title='bbox 317 3719 373 3767; x_wconf 77' lang='lat' dir='ltr'><em>quae</em></span> <span class='ocrx_word' id='word_1_320' title='bbox 384 3720 415 3756; x_wconf 82' lang='lat' dir='ltr'><em>ex</em></span> <span class='ocrx_word' id='word_1_321' title='bbox 426 3699 554 3756; x_wconf 77' lang='lat' dir='ltr'><em>oollotione</em></span> <span class='ocrx_word' id='word_1_322' title='bbox 564 3703 629 3756; x_wconf 78' lang='lat' dir='ltr'><em>verb.</em></span> <span class='ocrx_word' id='word_1_323' title='bbox 641 3707 769 3758; x_wconf 82' lang='lat' dir='ltr'><em>sumuntur</em></span> <span class='ocrx_word' id='word_1_324' title='bbox 780 3705 809 3754; x_wconf 91' lang='lat' dir='ltr'><em>G.</em></span> <span class='ocrx_word' id='word_1_325' title='bbox 822 3705 885 3756; x_wconf 80' lang='lat' dir='ltr'><em>tens.</em></span> <span class='ocrx_word' id='word_1_326' title='bbox 958 3697 969 3744; x_wconf 75' lang='grc' dir='ltr'><em>τ’</em></span> <span class='ocrx_word' id='word_1_327' title='bbox 985 3705 1025 3752; x_wconf 81' lang='lat' dir='ltr'><em>Sic</em></span> <span class='ocrx_word' id='word_1_328' title='bbox 1035 3703 1107 3764; x_wconf 71' lang='lat' dir='ltr'><em>MSS.</em></span> <span class='ocrx_word' id='word_1_329' title='bbox 1117 3701 1179 3752; x_wconf 78' lang='lat' dir='ltr'><em>Atm.</em></span> <span class='ocrx_word' id='word_1_330' title='bbox 1191 3713 1213 3750; x_wconf 82' lang='lat' dir='ltr'><em>er</em></span> <span class='ocrx_word' id='word_1_331' title='bbox 1224 3703 1282 3770; x_wconf 70' lang='lat' dir='ltr'><em>V‘ff</em></span> 
     </span>
     <span class='ocr_line' id='line_1_38' title="bbox 255 3769 1282 3835; baseline 0.001 -19"><span class='ocrx_word' id='word_1_332' title='bbox 255 3781 266 3816; x_wconf 83' lang='lat'><em>1</em></span> <span class='ocrx_word' id='word_1_333' title='bbox 280 3779 302 3817; x_wconf 83' lang='lat' dir='ltr'><em>et</em></span> <span class='ocrx_word' id='word_1_334' title='bbox 313 3785 335 3818; x_wconf 84' lang='lat'><em>2.</em></span> <span class='ocrx_word' id='word_1_335' title='bbox 353 3771 378 3817; x_wconf 89' lang='lat' dir='ltr'><em>in</em></span> <span class='ocrx_word' id='word_1_336' title='bbox 391 3771 431 3835; x_wconf 62' lang='lat' dir='ltr'><em>irfi</em></span> <span class='ocrx_word' id='word_1_337' title='bbox 442 3770 474 3819; x_wconf 85' lang='lat' dir='ltr'><em>al.</em></span> <span class='ocrx_word' id='word_1_338' title='bbox 581 3780 590 3807; x_wconf 72' lang='lat'><strong>⁸</strong></span> <span class='ocrx_word' id='word_1_339' title='bbox 605 3782 648 3820; x_wconf 81' lang='lat' dir='ltr'><em>aut</em></span> <span class='ocrx_word' id='word_1_340' title='bbox 659 3787 716 3819; x_wconf 90' lang='lat' dir='ltr'><em>cum</em></span> <span class='ocrx_word' id='word_1_341' title='bbox 728 3782 805 3818; x_wconf 83' lang='lat' dir='ltr'><em>contr.</em></span> <span class='ocrx_word' id='word_1_342' title='bbox 817 3771 849 3817; x_wconf 88' lang='lat' dir='ltr'><em>G.</em></span> <span class='ocrx_word' id='word_1_343' title='bbox 935 3775 955 3814; x_wconf 73' lang='lat' dir='ltr'><em>‘r</em></span> <span class='ocrx_word' id='word_1_344' title='bbox 972 3771 1078 3830; x_wconf 70' lang='lat' dir='ltr'><em>deceptis</em></span> <span class='ocrx_word' id='word_1_345' title='bbox 1085 3769 1120 3816; x_wconf 75' lang='lat' dir='ltr'><em>G.</em></span> <span class='ocrx_word' id='word_1_346' title='bbox 1133 3783 1160 3815; x_wconf 85' lang='lat' dir='ltr'><em>erc</em></span> <span class='ocrx_word' id='word_1_347' title='bbox 1170 3769 1282 3828; x_wconf 83' lang='lat' dir='ltr'><em>demptis.</em></span> 
     </span>
     <span class='ocr_line' id='line_1_39' title="bbox 253 3833 1281 3900; baseline -0.001 -18"><span class='ocrx_word' id='word_1_348' title='bbox 253 3838 267 3864; x_wconf 67' lang='lat'>⁸</span> <span class='ocrx_word' id='word_1_349' title='bbox 286 3837 414 3895; x_wconf 76' lang='lat' dir='ltr'><em>questionis</em></span> <span class='ocrx_word' id='word_1_350' title='bbox 425 3833 456 3883; x_wconf 85' lang='lat' dir='ltr'><em>G.</em></span> <span class='ocrx_word' id='word_1_351' title='bbox 563 3847 577 3875; x_wconf 71' lang='lat' dir='ltr'>v</span> <span class='ocrx_word' id='word_1_352' title='bbox 593 3837 692 3900; x_wconf 64' lang='lat' dir='ltr'><em>Sedr&#39;rfi</em></span> <span class='ocrx_word' id='word_1_353' title='bbox 705 3837 774 3884; x_wconf 78' lang='lat' dir='ltr'><em>Grot.</em></span> <span class='ocrx_word' id='word_1_354' title='bbox 887 3834 948 3882; x_wconf 62' lang='grc' dir='ltr'><em>*Εἰ</em></span> <span class='ocrx_word' id='word_1_355' title='bbox 958 3847 1013 3882; x_wconf 78' lang='lat' dir='ltr'><em>rere</em></span> <span class='ocrx_word' id='word_1_356' title='bbox 1021 3834 1084 3881; x_wconf 78' lang='lat' dir='ltr'><em>lens.</em></span> <span class='ocrx_word' id='word_1_357' title='bbox 1103 3833 1132 3880; x_wconf 76' lang='lat' dir='ltr'><em>Bt</em></span> <span class='ocrx_word' id='word_1_358' title='bbox 1142 3841 1199 3881; x_wconf 80' lang='lat' dir='ltr'><em>tero</em></span> <span class='ocrx_word' id='word_1_359' title='bbox 1211 3835 1281 3882; x_wconf 79' lang='lat' dir='ltr'><em>Grut.</em></span> 
     </span>
     <span class='ocr_line' id='line_1_40' title="bbox 251 3897 1282 3965; baseline -0.002 -19"><span class='ocrx_word' id='word_1_360' title='bbox 251 3903 267 3946; x_wconf 74' lang='grc' dir='ltr'><strong><em>Υ</em></strong></span> <span class='ocrx_word' id='word_1_361' title='bbox 284 3901 321 3947; x_wconf 80' lang='lat' dir='ltr'><em>Sic</em></span> <span class='ocrx_word' id='word_1_362' title='bbox 329 3900 393 3948; x_wconf 83' lang='lat' dir='ltr'><em>lens.</em></span> <span class='ocrx_word' id='word_1_363' title='bbox 405 3901 431 3948; x_wconf 82' lang='lat' dir='ltr'><em>ir.</em></span> <span class='ocrx_word' id='word_1_364' title='bbox 445 3899 513 3949; x_wconf 85' lang='lat' dir='ltr'><em>Grut.</em></span> <span class='ocrx_word' id='word_1_365' title='bbox 530 3900 751 3965; x_wconf 80' lang='lat' dir='ltr'><em>confirm.sploalrna</em></span> <span class='ocrx_word' id='word_1_366' title='bbox 760 3898 859 3946; x_wconf 79' lang='lat' dir='ltr'><em>videtur.</em></span> <span class='ocrx_word' id='word_1_367' title='bbox 928 3907 942 3934; x_wconf 77' lang='lat'>2</span> <span class='ocrx_word' id='word_1_368' title='bbox 957 3899 1059 3946; x_wconf 85' lang='lat' dir='ltr'><em>edicitur</em></span> <span class='ocrx_word' id='word_1_369' title='bbox 1071 3897 1139 3945; x_wconf 81' lang='lat' dir='ltr'><em>Grut.</em></span> <span class='ocrx_word' id='word_1_370' title='bbox 1213 3906 1223 3928; x_wconf 79' lang='lat'>⁸</span> <span class='ocrx_word' id='word_1_371' title='bbox 1241 3913 1282 3944; x_wconf 85' lang='lat' dir='ltr'><em>ea-</em></span> 
     </span>
     <span class='ocr_line' id='line_1_41' title="bbox 251 3959 1467 4069; baseline -0.001 -58"><span class='ocrx_word' id='word_1_372' title='bbox 251 3965 309 4012; x_wconf 79' lang='lat' dir='ltr'><em>dem</em></span> <span class='ocrx_word' id='word_1_373' title='bbox 320 3974 344 4012; x_wconf 82' lang='lat' dir='ltr'><em>et</em></span> <span class='ocrx_word' id='word_1_374' title='bbox 355 3966 380 4013; x_wconf 89' lang='lat' dir='ltr'><em>in</em></span> <span class='ocrx_word' id='word_1_375' title='bbox 391 3979 441 4014; x_wconf 83' lang='lat' dir='ltr'><em>una</em></span> <span class='ocrx_word' id='word_1_376' title='bbox 452 3979 476 4014; x_wconf 87' lang='lat' dir='ltr'><em>re</em></span> <span class='ocrx_word' id='word_1_377' title='bbox 487 3967 585 4025; x_wconf 67' lang='lat' dir='ltr'><em>hereat,</em></span> <span class='ocrx_word' id='word_1_378' title='bbox 597 3967 623 4013; x_wconf 88' lang='lat' dir='ltr'><em>in</em></span> <span class='ocrx_word' id='word_1_379' title='bbox 633 3966 766 4028; x_wconf 78' lang='lat' dir='ltr'><em>eodemque</em></span> <span class='ocrx_word' id='word_1_380' title='bbox 776 3971 939 4014; x_wconf 78' lang='lat' dir='ltr'><em>commoretur</em></span> <span class='ocrx_word' id='word_1_381' title='bbox 949 3962 1009 4011; x_wconf 81' lang='lat' dir='ltr'><em>sent.</em></span> <span class='ocrx_word' id='word_1_382' title='bbox 1020 3963 1051 4010; x_wconf 87' lang='lat' dir='ltr'><em>G.</em></span> <span class='ocrx_word' id='word_1_383' title='bbox 1061 3963 1126 4010; x_wconf 83' lang='lat' dir='ltr'><em>tent.</em></span> <span class='ocrx_word' id='word_1_384' title='bbox 1184 3959 1195 3992; x_wconf 67' lang='lat' dir='ltr'>b</span> <span class='ocrx_word' id='word_1_385' title='bbox 1214 3963 1282 4010; x_wconf 76' lang='lat' dir='ltr'><em>dixe·</em></span> <span class='ocrx_word' id='word_1_386' title='bbox 1466 4017 1467 4069; x_wconf 31' lang='grc'>1</span> 
     </span>
     <span class='ocr_line' id='line_1_42' title="bbox 250 4029 1140 4080; baseline -0.009 -2"><span class='ocrx_word' id='word_1_387' title='bbox 250 4032 282 4080; x_wconf 84' lang='lat' dir='ltr'><em>rit</em></span> <span class='ocrx_word' id='word_1_388' title='bbox 292 4029 333 4077; x_wconf 83' lang='lat' dir='ltr'><em>r&#39;r&#39;rt.</em></span> <span class='ocrx_word' id='word_1_389' title='bbox 585 4053 587 4058; x_wconf 88' lang='lat'><strong>.</strong></span> <span class='ocrx_word' id='word_1_390' title='bbox 746 4047 748 4055; x_wconf 42' lang='lat' dir='ltr'><strong><em>s</em></strong></span> <span class='ocrx_word' id='word_1_391' title='bbox 824 4049 827 4056; x_wconf 91' lang='lat'>·</span> <span class='ocrx_word' id='word_1_392' title='bbox 1006 4045 1018 4065; x_wconf 60' lang='grc' dir='ltr'>κ</span> <span class='ocrx_word' id='word_1_393' title='bbox 1128 4054 1140 4070; x_wconf 39' lang='grc' dir='ltr'><em>ι.</em></span> 
     </span>
    </p>
   </div>
   <div class='ocr_carea' id='block_1_4' title="bbox 147 4169 1466 4490">
    <p class='ocr_par' dir='ltr' id='par_1_4' title="bbox 147 4169 1466 4490">
     <span class='ocr_line' id='line_1_43' title="bbox 287 4169 1284 4260; baseline -0.003 -17"><span class='ocrx_word' id='word_1_394' title='bbox 287 4196 328 4257; x_wconf 81' lang='lat'><em>36.</em></span> <span class='ocrx_word' id='word_1_395' title='bbox 347 4191 374 4244; x_wconf 88' lang='lat' dir='ltr'><em>in</em></span> <span class='ocrx_word' id='word_1_396' title='bbox 395 4169 515 4255; x_wconf 66' lang='lat' dir='ltr'><em>Oratore]</em></span> <span class='ocrx_word' id='word_1_397' title='bbox 540 4190 573 4242; x_wconf 89' lang='lat' dir='ltr'><em>C.</em></span> <span class='ocrx_word' id='word_1_398' title='bbox 595 4207 636 4256; x_wconf 79' lang='lat'><em>39.</em></span> <span class='ocrx_word' id='word_1_399' title='bbox 656 4190 694 4260; x_wconf 88' lang='lat' dir='ltr'><em>sq.</em></span> <span class='ocrx_word' id='word_1_400' title='bbox 715 4191 742 4244; x_wconf 84' lang='lat' dir='ltr'><em>in</em></span> <span class='ocrx_word' id='word_1_401' title='bbox 822 4193 870 4253; x_wconf 83' lang='lat'><em>¹38.</em></span> <span class='ocrx_word' id='word_1_402' title='bbox 897 4187 1012 4242; x_wconf 85' lang='lat' dir='ltr'><em>lr&#39;eviter</em></span> <span class='ocrx_word' id='word_1_403' title='bbox 1029 4189 1189 4255; x_wconf 83' lang='lat' dir='ltr'><em>commutata]</em></span> <span class='ocrx_word' id='word_1_404' title='bbox 1217 4187 1284 4240; x_wconf 53' lang='lat' dir='ltr'><em>Ber:</em></span> 
     </span>
     <span class='ocr_line' id='line_1_44' title="bbox 249 4257 1279 4332; baseline -0.003 -18"><span class='ocrx_word' id='word_1_405' title='bbox 249 4279 301 4332; x_wconf 88' lang='lat' dir='ltr'><em>quo</em></span> <span class='ocrx_word' id='word_1_406' title='bbox 318 4262 496 4315; x_wconf 77' lang='lat' dir='ltr'><em>Gruterianam</em></span> <span class='ocrx_word' id='word_1_407' title='bbox 508 4259 676 4322; x_wconf 73' lang='lat' dir='ltr'><em>leffionem‚fi</em></span> <span class='ocrx_word' id='word_1_408' title='bbox 691 4273 741 4330; x_wconf 77' lang='lat' dir='ltr'><em>qua</em></span> <span class='ocrx_word' id='word_1_409' title='bbox 789 4257 890 4310; x_wconf 70' lang='lat' dir='ltr'><em>witerne</em></span> <span class='ocrx_word' id='word_1_410' title='bbox 907 4258 972 4310; x_wconf 86' lang='lat' dir='ltr'><em>idem</em></span> <span class='ocrx_word' id='word_1_411' title='bbox 990 4258 1022 4309; x_wconf 84' lang='lat' dir='ltr'><em>est</em></span> <span class='ocrx_word' id='word_1_412' title='bbox 1039 4258 1107 4328; x_wconf 89' lang='lat' dir='ltr'><em>quod</em></span> <span class='ocrx_word' id='word_1_413' title='bbox 1121 4260 1192 4326; x_wconf 79' lang='lat' dir='ltr'><em>brevi</em></span> <span class='ocrx_word' id='word_1_414' title='bbox 1204 4259 1279 4312; x_wconf 81' lang='lat' dir='ltr'><em>inter·</em></span> 
     </span>
     <span class='ocr_line' id='line_1_45' title="bbox 147 4179 1466 4490; baseline -0.005 -105"><span class='ocrx_word' id='word_1_415' title='bbox 147 4397 151 4406; x_wconf 33' lang='grc' dir='ltr'><strong><em>Ι</em></strong></span> <span class='ocrx_word' id='word_1_416' title='bbox 249 4331 354 4394; x_wconf 65' lang='lat' dir='ltr'><em>anatha</em></span> <span class='ocrx_word' id='word_1_417' title='bbox 364 4329 477 4393; x_wconf 72' lang='lat' dir='ltr'><em>discedit,</em></span> <span class='ocrx_word' id='word_1_418' title='bbox 489 4329 560 4400; x_wconf 81' lang='lat' dir='ltr'><em>supra</em></span> <span class='ocrx_word' id='word_1_419' title='bbox 572 4339 698 4422; x_wconf 62' lang='lat' dir='ltr'><em>notamus.</em></span> <span class='ocrx_word' id='word_1_420' title='bbox 790 4327 873 4382; x_wconf 80' lang='lat' dir='ltr'><em>vallo?</em></span> <span class='ocrx_word' id='word_1_421' title='bbox 892 4325 1193 4400; x_wconf 78' lang='lat' dir='ltr'><em>antegerrdumleviter?</em></span> <span class='ocrx_word' id='word_1_422' title='bbox 1272 4343 1274 4350; x_wconf 66' lang='grc'>’</span> <span class='ocrx_word' id='word_1_423' title='bbox 1459 4179 1466 4490; x_wconf 53' lang='lat' dir='ltr'>J</span> 
     </span>
    </p>
   </div>
   <div class='ocr_carea' id='block_1_5' title="bbox 0 0 1476 4928">
    <p class='ocr_par' dir='ltr' id='par_1_5' title="bbox 0 0 1476 4928">
     <span class='ocr_line' id='line_1_46' title="bbox 0 0 1476 4928; baseline 0 6"><span class='ocrx_word' id='word_1_424' title='bbox 0 0 1476 4928; x_wconf 95' lang='lat' dir='ltr'><em> </em></span> 
     </span>
    </p>
   </div>
  </div>
 </body>
</html>
