3014 4918
251 378 316 446 330
505 368 552 432 Μ.
575 369 696 436 FABII
719 367 1066 434 QUINCTILIANI

245 532 363 598 omnia
438 530 464 598 ‘t
485 533 553 612 illa,
570 557 643 620 quae
685 533 838 600 lurimum
861 536 977 602 oratori
995 549 1030 602 et
1043 534 1289 604 auuoriuds-et
1327 535 1332 550 '

247 615 327 684 fidei
349 554 450 699 villeri:
467 619 628 701 modestia,
659 645 670 684 r
693 643 713 684 a
737 619 805 685 viro
829 623 916 686 bono
935 623 970 686 in
993 621 1135 688 rabulam
1157 621 1288 689 latrato-

247 725 385 790 remque
406 705 611 784 convertitur,
621 705 818 806 'cumpolitus
842 730 905 771 non
928 707 969 774 ad
992 709 1136 806 animum
1154 707 1286 808 judicis,

244 789 588 974 {intinctu
606 790 1286 976 trininiiritnuuiui

248 959 304 1060 do,
331 961 385 1060 led
414 962 653 1112 rpsrsquoque,
676 985 733 1048 qur
761 963 920 1044 dixerunt,
951 963 1169 1063 periculusam.
1213 967 1340 1066 Ne013

249 1060 412 1110 immerito
433 1047 568 1112 Peuces
590 1047 710 1114 iniebat
723 1061 844 1134 optare,
859 1072 900 1115 ne
921 1048 1010 1199 guod
1031 1049 1087 1114 fibi
1104 1051 1235 1116 verbum
1250 1075 1285 1116 ru

248 1145 392 1196 mentem
421 1133 553 1210 veniret,
576 1156 642 1222 quo
671 1134 809 1220 populus
837 1135 920 1200 offen
945 1149 1060 1200 eretur.
1106 1136 1167 1200 Sed
1197 1137 1285 1224 quod
1333 1131 1337 1138 ’

247 1215 305 1282 ille
320 1219 361 1282 de
375 1218 504 1306 populo,
519 1217 554 1284 id
568 1243 637 1370 {fo
652 1219 692 1283 de
707 1219 858 1290 omnibus
878 1221 989 1300 sentio,
1005 1221 1061 1369 qui
1083 1223 1283 1288 tantumdem

292 1303 374 1368 llunt
397 1326 523 1369 nocere.
604 1327 655 1370 arn
675 1327 749 1390 quae
762 1302 877 1388 sortia,
901 1307 979 1371 dum
1028 1306 1168 1386 ieuntur,
1193 1308 1282 1372 vide-

247 1325 376 1468 iiintur,
388 1389 500 1474 stulta,
516 1412 590 1454 cum
613 1389 771 1468 laeserunt,
788 1405 950 1456 vocantur.
994 1391 1093 1456 Nunc
1137 1393 1208 1456 uinf
1229 1409 1339 1481 vri-14

241 1474 330 1539 ,rium
353 1474 418 1539 fere
440 1475 632 1561 propositum
651 1497 670 1540 a
694 1475 819 1540 entium
839 1475 911 1556 fuit,
929 1489 961 1540 et
980 1417 1191 1562 quorumilam
1208 1501 1284 1544 cura

244 1559 416 1639 tarditatis,
433 1559 645 1646 quorumdam
667 1497 805 1630 iacilitas
826 1562 1015 1626 temeritatis
1034 1561 1170 1626 crimine
1190 1563 1282 1628 labo·

239 1645 328 1708 savit
337 1670 347 1724 3
371 1666 468 1732 quern
481 1644 609 1710 credam
625 1643 693 1710 lore
708 1646 742 1710 in
756 1645 820 1710 huc
838 1647 973 1712 oratoris
994 1647 1142 1727 modum,
1158 1649 1283 1714 tradere

248 1751 313 1794 non
335 1730 475 1794 alienum
496 1730 633 1796 videtur.
677 1729 820 1796 Afferetss
840 1731 880 1796 ad
898 1731 1070 1798 dicendum
1090 1755 1177 1798 curae
1201 1734 1281 1798 lern-

244 1835 302 1902 ρετ
314 1829 472 1902 quantum
489 1815 662 1942 glutimum
676 1816 805 1902 poterit.
850 1817 966 1904 Neque
988 1818 1075 1882 enirn
1097 1819 1200 1884 solum
1223 1843 1281 1884 ne·
1297 1829 1337 1900 15

246 1900 414 1987 gligentis7
429 1901 482 1966 sed
531 1902 578 1966 eti
603 1901 693 1980 mali,
716 1913 750 1966 et
772 1902 805 1966 in
826 1902 967 1988 suscepta
989 1905 1092 1968 caulla
1113 1905 1223 1990 perfidi
1245 1929 1283 1970 ac

246 1986 419 2072 proditoris
439 1986 494 2066 est,
508 1987 599 2075 pejus
613 2009 722 2074 cgere,
737 2009 833 2072 quam
855 1988 957 2074 pellit.
1005 1989 1203 2076 ideoquene
1219 1991 1282 2056 sus-

242 2070 403 2157 cipiendae
424 2072 558 2168 quidem
583 2072 655 2138 suut
680 2072 791 2138 caullae
816 2073 934 2159 plures,
956 2097 1053 2160 quam
1075 2075 1193 2160 quibus
1217 2075 1281 2140 suf-

233 2155 404 2222 ‘ietlurum
428 2161 459 2221 ie
488 2158 576 2222 sciat.
620 2158 718 2226 Dicet
745 2157 869 2256 scripta,
899 2182 1000 2246 quum
1029 2181 1079 2224 res
1107 2161 1246 2246 patietur
1259 2163 1281 2242 ¹,

244 2241 407 2328 plurima;
428 2251 464 2306 et
484 2258 522 2308 ut
542 2243 774 2310 Denusthenes
789 2243 880 2320 ainsi
901 2243 1080 2330 continget,
1098 2259 1131 2310 et
1147 2245 1211 2310 seul
1236 2261 1279 2310 ta.

232 2327 309 2399 [sed
331 2329 393 2393 hoc
408 2342 464 2392 cut
479 2328 590 2414 prirnae
605 2329 758 2408 afflonee,
772 2342 829 2394 aut
842 2352 917 2414 quoe
939 2329 972 2394 in
989 2327 1123 2416 judiciis
1143 2270 1280 2416 publicis
1296 2326 1336 2388 16

244 2415 312 2500 post
326 2413 509 2500 interjectus
523 2414 591 2478 dies
605 2413 734 2493 dantur,
749 2412 945 2499 permiserint
959 2439 967 2478 r
992 2427 1025 2478 at
1046 2435 1121 2480 cum
1135 2416 1281 2501 protinus

243 2497 498 2585 respondendum
526 2501 580 2580 est,
607 2499 716 2566 omnia
743 2498 844 2585 parari
874 2523 939 2566 non
991 2499 1115 2564 offunt:
1142 2500 1223 2564 adeo
1244 2514 1282 2566 ut

244 2583 355 2672 paullo
369 2585 476 2650 minue
491 2584 624 2670 promtis
635 2585 734 2652 etiam
751 2598 865 2652 noceat
879 2522 1034 2671 scripliffe,
1051 2584 1071 2649 sr
1092 2585 1155 2648 alia
1175 2608 1214 2650 ex
1228 2585 1280 2650 di-

246 2670 345 2747 verti),
365 2694 464 2757 quam
487 2671 607 2756 opinati
631 2671 798 2750 sufflante,
819 2670 1026 2738 occurrerint.
1071 2670 1168 2737 Inviti
1193 2671 1279 2738 enirn
1296 2678 1334 2747 17

245 2755 433 2820 receduntn
451 2755 645 2842 preparatis,
657 2771 693 2820 et
714 2767 804 2822 tutan
826 2756 953 2821 afflone
973 2755 1157 2842 respiciunt,
1172 2757 1280 2844 requi-

245 2854 397 2926 runtque‚
413 2864 491 2904 num
513 2841 633 2928 aliquid
655 2840 780 2907 exiliis
802 2840 960 2906 intervelli
969 2849 994 2921 ⁰,
1017 2855 1114 2928 atque
1133 2865 1174 2906 ex
1196 2856 1280 2907 tenr-

245 2948 322 3010 pure
338 2925 482 2990 dioeudis
498 2925 590 2990 inseri
605 2927 714 3012 poffit:
736 2925 827 3012 quod
849 2929 868 2990 sr
891 2925 957 3004 fiat,
973 2948 1038 2990 non
1053 2927 1204 3007 cohaeret,
1220 2949 1282 2992 nec

246 3009 456 3076 cummiffurie
483 3011 592 3090 modu,
615 3023 652 3076 ut
674 3011 706 3074 in
733 3033 828 3098 opere
852 3011 936 3075 male
954 3009 1081 3096 juncto,
1104 3013 1279 3092 hiantibus,

245 3094 300 3158 sed
320 3096 385 3180 ipsa
406 3095 521 3160 coloris
541 3095 759 3181 inaequalitute
781 3096 956 3182 detegitur.
1002 3099 1052 3160 lta
1068 3119 1128 3162 nec
1140 3099 1222 3162 liber
1237 3099 1280 3160 est
1295 3091 1334 3154 18

246 3179 400 3266 impetus,
426 3203 485 3244 nec
510 3203 587 3246 cura
611 3193 772 3260 contexta,
797 3194 831 3246 et
855 3193 1027 3266 utrumque
1048 3181 1139 3244 alteri
1164 3182 1277 3246 obstat.

246 3263 307 3327 llla
332 3265 430 3343 enirn,
451 3287 525 3351 quoe
551 3265 665 3352 scripta
688 3266 773 3344 sunt,
796 3265 935 3334 retinent
958 3265 1113 3344 animum,
1141 3289 1206 3329 non
1229 3267 1302 3347 se·-

243 3365 397 3436 quuntur.
443 3352 557 3438 ltaque
577 3350 610 3414 in
632 3351 683 3414 his
704 3347 883 3415 aclionibus
904 3349 993 3431 omni,
1008 3363 1046 3415 ut
1063 3350 1213 3438 agricolae
1228 3351 1279 3415 di·

278 3519 422 3584 ‘quirent
487 3525 592 3572 ‘Affert
604 3523 635 3569 id.
712 3522 859 3570 henciens.
925 3519 992 3570 ¹orn.
1005 3523 1037 3572 G.
1110 3521 1237 3588 lpatintur
1247 3524 1279 3573 G.

244 3588 309 3637 Jens.
375 3595 394 3619 ¹¹¹
413 3589 553 3637 fuerintiid.
584 3615 586 3619 ·
619 3595 708 3636 ”nora
719 3589 751 3637 G.
761 3589 826 3636 iens.
891 3587 1102 3642 ‘’intervallirir‘d.

283 3756 326 3808 ¹³·
345 3737 450 3790 Pericles
452 3737 545 3808 solebat
555 3737 650 3806 optare]
665 3735 735 3788 Plut.
786 3755 812 3788 re
823 3736 941 3788 Periclem
954 3737 1068 3788 imitatus
1080 3735 1117 3788 sit.

244 3810 270 3860 in
282 3809 335 3859 vita
346 3825 372 3876 p.
387 3811 448 3870 284,
465 3809 509 3856 ‘Ari
521 3808 576 3872 arpii
584 3807 609 3853 τὸ
619 3807 682 3867 βῆμα
693 3807 738 3858 θα.
824 3825 865 3868 17.
883 3805 1023 3871 intervelli]
1044 3806 1138 3858 Merito
1149 3803 1178 3856 lic
1191 3803 1277 3856 eVos·

243 3879 302 3940 ὶίζων
314 3879 392 3942 ηὔχετο
402 3879 447 3930 τοῖς
462 3877 518 3928 Stoi<
529 3876 584 3937 μηδὲ
597 3876 656 3937 ῥῆμα
671 3874 738 3934 μηδὲν
786 3873 857 3927 sranis
869 3875 940 3927 libris
957 3875 1096 3927 emendavit
1107 3874 1276 3936 Burmannus,

242 3943 341 3990 inueni
357 3945 441 3996 ἱκσπος
456 3941 513 3988 atet
528 3939 583 4004 vrit
598 3943 634 3989 'riv
649 3956 737 4003 wgonu-
785 3957 810 3996 et
833 3946 912 3996 Fabio
935 3945 1006 3996 suurn
1030 3944 1134 3996 verbum
1158 3943 1277 4006 reddidit,

242 4008 305 4071 1·th
315 4007 520 4070 mmmmm
785 4014 853 4084 quod
865 4014 939 4064 habet
950 4014 1025 4064 etiarn
1040 4031 1082 4073 10,
1095 4030 1121 4076 7,
1136 4028 1160 4077 ς.
1191 4013 1278 4065 Rusti·

282 4105 323 4152 15·
336 4083 600 4154 utDemosthenesait]
616 4085 735 4136 Nondum
785 4099 870 4134 corum
889 4081 950 4134 alias
969 4083 1073 4134 verbum
1092 4081 1147 4142 effe,
1166 4083 1277 4135 Lexicon
1302 4118 1304 4124 r

235 4157 335 4216 'inveni
348 4155 413 4207 ubi?
431 4155 470 4206 sed
488 4155 569 4206 multa
584 4153 735 4206 Plutarchus
784 4152 890 4204 nostrum
902 4151 984 4202 docet.

243 4229 268 4280 in
287 4227 339 4278 vita
357 4243 383 4292 p.
399 4241 476 4289 1557,
492 4223 529 4292 sq.
548 4242 624 4293 quam
640 4222 736 4294 sugerit
821 4226 863 4272 18.
892 4219 1047 4287 omni-pede
1060 4219 1191 4290 standum]
1218 4221 1277 4273 Non

229 4315 272 4362 ,ex
291 4308 398 4364 tempore
415 4293 506 4360 dicere,
518 4310 645 4365 quamque
662 4311 691 4346 ea
707 4293 735 4348 in
784 4289 1105 4362 putoinreirusticae,quor
1116 4291 1188 4354 hodie
1199 4290 1276 4344 tab·-
