3014 4918
435 431 604 492 rusam,
625 429 832 492 oneror.
854 431 937 490 mn.
958 431 1027 489 xn.
1051 444 1080 510 7·
1211 439 1269 511 323

230 589 388 682 idemque
412 609 576 658 nonnum
598 591 691 658 illum
713 592 906 679 eloquentiae
926 593 991 658 fuae
1012 593 1180 658 salutarem
1204 617 1271 662 nou

208 705 218 714 ··
234 679 331 744 etiam
347 679 456 766 piratis
471 678 650 765 patefaciet,
665 678 865 765 duceturque
883 679 918 742 in
938 681 1179 753 aduocationem
1201 703 1270 746 nra-

198 765 321 852 5xime
340 765 453 829 caussa.
498 763 663 830 Quoniam
684 776 792 828 tamen
816 787 939 844 omnen,
961 767 1017 850 qul
1040 785 1104 828 non
1125 765 1271 852 improbo

232 849 421 937 litigabunt,
449 871 589 936 quorum
614 861 700 912 certe
728 850 835 914 bona⁶
861 871 935 934 pars
958 852 1010 928 est,
1034 850 1181 914 sustinere
1205 873 1272 920 non

278 936 335 999 test
348 957 444 1012 unus,
459 934 582 1021 aliquid
603 935 699 998 etiam
722 934 1038 999 commendantiumf
1059 935 1197 1021 personis
1212 935 1270 1012 da-

161 1057 163 1062 ·
256 1020 295 1102 it,
311 1031 344 1084 et
365 1020 513 1106 ipsorum,
531 1019 586 1106 qui
602 1018 729 1106 judicio
750 1018 936 1099 decernent,
950 1033 1008 1083 utss
1030 1019 1145 1118 optimi
1165 1019 1270 1108 cujus·

232 1127 298 1191 que
320 1104 486 1170 voluntate
506 1119 690 1182 moveatur3
712 1127 851 1190 namque
869 1105 929 1168 hon
950 1118 982 1168 et
1001 1105 1202 1170 arnrciffimos
1221 1107 1270 1176 vir

175 1241 177 1248 .
201 1189 223 1252 6
233 1191 339 1256 bonus
354 1189 524 1256 habebith.
569 1187 831 1254 submovendum
852 1213 928 1254 vero
947 1190 992 1253 est
1013 1203 1185 1276 utrumque
1198 1213 1270 1256 am-

233 1276 322 1342 bitus
341 1273 465 1362 'genua
491 1275 543 1340 vel
572 1275 758 1360 potentibus
787 1287 897 1338 contra
922 1273 1061 1340 humiles
1088 1275 1272 1342 venditandi

234 1382 363 1448 operam
379 1363 485 1438 suam;
511 1359 561 1424 vel
577 1361 657 1424 illud
673 1359 772 1424 etiam
787 1358 973 1446 jubamine,
992 1360 1140 1439 minores,
1157 1361 1271 1445 ntique

234 1459 345 1511 contra
360 1446 562 1534 dignitatem,
579 1445 758 1510 attollendi.
802 1445 881 1508 Non
895 1443 982 1508 enim
1004 1443 1133 1510 fortuna
1152 1447 1271 1514 caussae

233 1531 285 1597 vel
301 1531 400 1619 juslas
423 1531 473 1596 vel
492 1532 652 1617 improbas
671 1530 759 1594 facit.
803 1531 923 1617 Neque
935 1548 1019 1618 ¹vero
1036 1531 1138 1617 pudor
1158 1533 1271 1612 obstet,

233 1637 300 1703 quo
322 1618 431 1681 minus
449 1615 635 1701 susceptam,
650 1637 725 1679 curn
747 1614 862 1679 melior
883 1615 1173 1695 videretur,litorn‚
1189 1637 1271 1704 cog.-

234 1702 302 1767 nita
317 1702 399 1766 inter
417 1701 614 1764 dicendum¹
634 1700 814 1786 iniquitate,
830 1699 972 1764 dimittat
983 1699 1010 1780 ¹³,
1026 1723 1100 1765 cum
1121 1702 1208 1788 prius
1228 1705 1271 1768 li·

202 1803 220 1870 7
234 1787 365 1874 tigatori
378 1786 496 1850 dixerit
509 1807 633 1850 verum.
669 1786 757 1850 Nam
771 1797 805 1849 et
820 1783 853 1848 in
868 1785 933 1850 hoc
945 1784 1133 1867 maximum,
1150 1788 1170 1851 sr
1186 1788 1272 1876 aequi

226 1871 356 1958 judices
379 1872 500 1949 sumus,
514 1870 706 1935 beneficium
729 1871 784 1949 est,
802 1882 840 1934 ut
864 1875 929 1938 non
950 1869 1096 1937 fallamus
1119 1895 1200 1938 vana
1219 1877 1273 1960 spe

232 1955 430 2043 litigantem.
473 1957 592 2042 Neque
613 1957 676 2018 est¹
702 1955 822 2043 dignus
845 1977 942 2042 opera
963 1958 1100 2042 patroni,
1126 1959 1182 2044 qui
1206 1979 1272 2023 non

234 2041 337 2109 utitur
351 2041 491 2108 confilio.
508 2095 513 2108 .
537 2045 581 2106 Et
596 2055 681 2106 certe
697 2063 761 2104 non
778 2041 927 2104 conuenit
940 2041 982 2120 ei,
999 2059 1096 2128 quem
1111 2055 1272 2111 oratorem

232 2127 297 2194 else
324 2127 486 2205 volumus,
515 2126 628 2214 injusta
651 2125 734 2190 tueri
759 2125 924 2190 scientem.
968 2127 1056 2190 Nam
1080 2127 1100 2190 ll
1127 2149 1166 2190 ex
1193 2128 1272 2208 illis,

200 2281 203 2285 ,
233 2235 315 2298 quas
331 2212 419 2298 supra
440 2211 594 2290 diximus,
609 2212 718 2276 caussis
731 2223 751 2252 ¹¹¹
773 2209 885 2274 falsum
909 2211 1064 2290 tuebitur,
1080 2209 1141 2276 erit
1163 2225 1273 2278 tamen

234 2296 415 2376 honestum,
431 2297 519 2386 quod
534 2299 597 2385 ipso
613 2296 719 2361 faciet.
765 2296 912 2360 Gratisnc
926 2297 956 2358 ei
975 2295 1038 2360 seru
1082 2298 1273 2384 ungendum

201 2375 283 2464 bnt,
299 2383 425 2448 tractari
439 2384 548 2469 potest.
594 2381 693 2448 Quod
709 2404 748 2448 ex
762 2381 866 2466 prima
878 2393 891 2420 ¹¹
915 2380 1017 2444 statim
1032 2317 1137 2448 sidnte
1152 2383 1271 2469 dijudi-

235 2489 319 2546 care,
334 2467 585 2556 imprudentium
608 2468 662 2532 est.
706 2469 791 2530 Nam
828 2467 880 2528 uis
903 2465 1040 2551 ignorat,
1056 2467 1133 2552 quin
1150 2467 1184 2530 id
1199 2468 1272 2532 lon-

235 2573 279 2638 ge
303 2554 339 2616 srt
362 2552 623 2630 honestissimum,
648 2573 686 2616 ac
715 2490 902 2615 liberdlibus
929 2550 1116 2636 disciplinis,
1143 2565 1176 2616 et
1201 2553 1272 2632 illo,

236 2656 334 2723 quem
360 2636 534 2784 eripimus,
558 2635 667 2702 animo
688 2635 919 2734 digniffimum,
945 2655 1010 2698 non
1035 2637 1169 2718 vendere
1194 2660 1272 2724 ope-

234 2743 316 2810 ram,
332 2742 391 2788 nec
406 2743 424 2786 e
438 2743 530 2786 ovare
544 2721 627 2788 tanti
647 2720 795 2789 benencii
808 2718 1053 2786 auctoritatem?
1078 2743 1154 2788 cum
1168 2722 1272 2808 plera,-

269 2929 282 2960 θ
298 2940 339 2972 em.
351 2924 383 2973 G.
392 2923 456 2974 lens.
537 2919 548 2953 f
563 2923 765 2970 commendatum
776 2922 808 2969 G.
889 2927 901 2958 ⁸
920 2930 963 2969 aut
972 2919 1036 2970 lens.
1124 2921 1137 2953 ¹¹
1155 2919 1229 2971 babet
1240 2925 1273 2976 G.

238 2986 246 3020 ί
263 2989 445 3051 disceptandum
456 2988 487 3038 G.
503 2987 645 3034 discendum
656 2989 719 3035 Jenl.
731 2998 752 3034 et
758 2986 820 3048 plur.
832 2997 869 3050 ap.
882 2988 961 3035 Bam.
1090 2985 1103 3017 l‘
1121 2987 1229 3050 dimittas
1240 2989 1272 3038 G.

236 3053 330 3104 lenim
341 3055 371 3104 G.
382 3054 447 3102 lens.
512 3061 530 3084 ¹¹¹
550 3055 667 3102 om.Jens.
733 3053 842 3120 uprimo
854 3051 885 3103 G.

232 3214 320 3276 emeris,
331 3214 374 3268 vix
385 3233 449 3285 opus
461 3214 493 3268 est
504 3215 598 3282 didiu).
619 3215 730 3284 Namque
778 3222 848 3282 cepta
863 3213 914 3278 jam
929 3213 1001 3266 causa
1013 3213 1090 3266 sermo
1100 3211 1137 3278 sr't,
1150 3215 1217 3286 quod
1229 3235 1272 3270 ne-

235 3298 261 3340 et
282 3302 357 3355 neque
379 3303 457 3355 quam
480 3285 553 3338 facile
572 3285 729 3346 misceantur,
778 3302 820 3335 mo
831 3283 873 3339 nisr
892 3283 953 3335 levis
971 3293 1028 3339 aute
1046 3283 1115 3346 facit,
1128 3301 1204 3354 quam
1216 3301 1272 3339 eam

236 3367 324 3410 notum
337 3354 379 3406 est.
777 3354 901 3409 didicerit.
931 3351 1028 3406 Deinde
1048 3355 1105 3422 quis
1127 3355 1207 3422 pudor
1225 3358 1272 3408 ob·

273 3427 298 3476 6.
311 3434 397 3475 contra
406 3423 563 3492 dignitatem]
577 3423 632 3486 Vei,
642 3434 672 3475 ut
684 3422 729 3474 ho-
777 3423 837 3474 stare
849 3422 925 3492 potest
943 3441 972 3474 eo
989 3436 1107 3492 tempore,
1119 3441 1177 3476 cum
1188 3425 1272 3479 adhuc

235 3493 276 3544 die
287 3494 432 3562 loquuntur,
442 3506 527 3545 contra
539 3496 627 3544 merita
638 3493 726 3544 causae.
777 3509 835 3545 cum
855 3491 905 3543 solo
928 3491 1054 3561 litigatore
1075 3493 1205 3562 negotium
1227 3494 1271 3556 est,

236 3562 390 3632 Dignitatem
413 3565 448 3614 ita
472 3565 540 3633 poni,
557 3562 597 3614 vel
618 3562 667 3613 sola
686 3561 728 3612 illa
778 3563 875 3615 causam
893 3560 960 3612 suam
976 3561 1098 3615 docente?
1117 3563 1207 3631 Itaque
1221 3556 1274 3614 line

234 3633 347 3686 delinitio
365 3633 471 3700 Jullitiae
489 3633 570 3692 docet,
582 3631 649 3701 apud
669 3631 725 3682 Cic.
777 3631 933 3683 dubitatione
941 3631 992 3694 jam
1002 3629 1106 3700 praefero
1117 3630 1182 3684 inter
1189 3631 1272 3682 diceri-

235 3703 266 3754 de
285 3705 342 3754 Inv.
361 3722 386 3764 2,
408 3721 449 3767 53,
468 3703 537 3771 quod
549 3703 624 3771 suam
645 3700 729 3768 cuique
777 3701 849 3765 dum,
865 3699 930 3752 velfi
962 3701 1005 3750 nid
1018 3703 1041 3750 in
1054 3699 1156 3772 vulgata
1167 3700 1271 3754 lectione

236 3771 331 3834 tribuat
340 3770 494 3840 dignitatem.
518 3775 553 3823 It.
568 3790 612 3840 pro
624 3771 726 3822 Muren.
777 3769 925 3822 mutandum
944 3717 981 3829 lit,
1003 3769 1151 3822 Gothanum
1174 3771 1271 3840 sequar,

237 3857 262 3892 c.
284 3862 311 3908 9,
329 3843 370 3892 Ad
387 3841 532 3962 efflatum
552 3839 728 3911 adipiscendum
776 3837 1040 3908 interdisceptandum.
1067 3840 1135 3891 Inter
1145 3839 1270 3893 dicendum

237 3909 311 3962 mulo
323 3911 378 3978 plus
416 3911 474 3978 sert
484 3910 622 3980 dignitatis,
633 3909 670 3960 rei
680 3907 727 3961 mi·
776 3925 873 3980 nempe,
898 3907 963 3960 inter
990 3908 1179 3978 disceptandum
1207 3927 1270 3964 non.

233 3977 319 4031 litoris
329 3997 403 4050 quam
407 3980 476 4049 juris
486 3979 570 4034 civilis
577 3978 669 4048 gloria.
708 3991 710 3996 ¹
776 3995 904 4048 nunquam
915 3991 1043 4046 emergunt
1054 3990 1128 4045 atque
1140 3992 1270 4048 apparent,

181 4092 183 4095 .
261 4051 302 4099 Ὶ6.
321 4047 532 4114 interdicendum]
550 4049 729 4102 Blandiebatur
777 4066 833 4117 quae
853 4047 1042 4100 dissimulaverat
1062 4049 1184 4116 litigator.
1216 4049 1269 4104 Hie

237 4117 310 4170 nobis
323 4119 467 4184 Jensoniana
479 4120 552 4174 ledlin
563 4121 629 4172 inter
639 4117 729 4188 discen·
776 4118 874 4187 patroni
886 4115 1039 4184 ejusdemque
1047 4118 1105 4168 boni
1114 4118 1162 4169 viri
1174 4117 1270 4178 estob-

235 4186 312 4239 dume
330 4198 385 4238 tum
398 4192 462 4242 enim
482 4190 519 4242 vel
531 4193 638 4242 maxime
648 4189 729 4255 aequi·
777 4188 846 4254 sequi
858 4185 998 4238 Horatiano
1009 4189 1112 4247 monito,
1127 4191 1206 4256 Quem
1217 4190 1270 4256 sua

238 4266 276 4306 tas
296 4256 334 4308 rel
352 4258 471 4326 iniquitas
488 4260 586 4312 videtur
603 4256 728 4326 cognosci.
777 4256 849 4324 culpa
856 4265 961 4325 premet,
972 4255 1083 4325 deceptus
1094 4254 1175 4310 oraim
1184 4256 1261 4312 tueri.

236 4325 284 4381 Sed
302 4343 361 4381 mox
381 4327 470 4396 collegi
490 4345 539 4390 me,
555 4345 616 4382 cum·
630 4329 662 4379 de
673 4326 729 4398 sus-
787 4349 790 4364 .
826 4409 846 4462 2

787 4413 811 4460 γ
822 4430 824 4434 ,
