3008 4914
274 395 334 462 ³50
508 363 1067 440 messuerunt-crunam
1104 365 1110 374 ·
1218 335 1227 346 “

267 543 382 609 sblnm.
398 559 403 569 ’
426 545 468 608 Et
482 545 502 606 fi
517 543 731 644 haeoqnoque
743 541 812 632 jam
827 543 932 608 senius
945 542 1082 629 sepina*
1092 538 1299 628 ’penem
1314 551 1356 622 79

267 628 355 692 tibus
372 629 478 692 studiis
492 628 622 692 evaseris
633 641 656 706 ⁰,
671 629 747 692 rude
762 627 883 692 humus
896 627 1061 692 illaborati
1076 627 1213 691 offerunt
1227 626 1300 705 sese,
1348 631 1352 640 “

268 728 302 777 et
316 713 423 776 omnia
437 714 545 800 sponte
558 713 768 799 proveniunt:
792 734 864 800 quae
886 727 992 777 tamen
1015 711 1228 800 quotidienisr
1243 712 1285 776 de
1315 729 1317 734 ’

268 812 445 883 crementur,
475 798 629 862 arescunt.
674 799 740 862 Sed
764 813 797 862 et
821 798 914 884 copia
942 797 1301 874 hebet'tmodum„·sitte

268 905 335 970 quo
349 883 430 946 nihii
445 905 503 947 nec
518 882 688 960 laudabile,
705 903 765 947 nee
779 883 910 947 sainture
925 885 987 946 est:
1011 883 1144 948 etnitor
1158 881 1213 946 illd
1229 882 1308 946 eutr

267 982 337 1032 tum
354 967 487 1048 virilem,
502 982 535 1031 et
550 969 693 1031 inventio
703 967 874 1054 judiciam.
914 966 973 1032 rSic
984 982 1081 1034 erunt
1091 978 1220 1054 mmmm,
1235 987 1301 1032 non
1313 963 1358 1027 80

268 1053 413 1132 nimian
431 1053 594 1138 sublimia,
621 1072 684 1116 non
707 1055 841 1140 abrupta
854 1077 863 1133 3
881 1053 1000 1138 sortia,
1020 1075 1086 1117 non
1109 1052 1298 1130 temerariae
1349 1059 1355 1074 “

257 1140 381 1224 senno,
397 1158 460 1201 non
484 1138 579 1202 tristia
592 1161 601 1216 ;
625 1141 752 1224 gravia,
775 1158 839 1200 non
862 1139 972 1218 tarda}
1005 1139 1095 1216 laeto,
1112 1155 1174 1200 non
1196 1136 1327 1204 *lurum

267 1224 366 1301 riosa3
381 1225 538 1321 jucunda,
561 1243 624 1286 non
646 1223 813 1300 dissoluta3
835 1221 959 1310 eleuat,
985 1243 1048 1286 non
1071 1222 1207 1286 tumidas
1248 1222 1302 1284 Si-

267 1308 355 1372 milis
380 1329 412 1371 m
439 1310 552 1372 ceteris
576 1307 663 1370 ratio'
680 1309 755 1372 est'.
792 1309 964 1386 ¹Tutissimu
985 1309 1053 1372 sere
1077 1327 1133 1394 per
1155 1307 1302 1372 medinm

267 1394 331 1472 via,
346 1393 422 1480 quia
437 1393 599 1478 utriusque
610 1393 764 1456 'ultimum
779 1395 893 1458 vitium
910 1396 963 1457 est.
1225 1419 1229 1431 ⁴
1272 1399 1276 1406 '

304 1481 373 1542 ·XI.
396 1479 458 1542 His
474 1477 602 1542 dicendi
617 1477 788 1542 virtutibus
801 1479 875 1542 usus
887 1491 992 1544 orator
1011 1478 1045 1540 in
1060 1476 1204 1568 judiciis,
1217 1497 1300 1540 eona

268 1561 354 1643 filiis,
378 1563 598 1641 concionibus
621 1565 742 1642 senatu,
766 1564 798 1626 in
820 1563 910 1627 omni
937 1562 1075 1648 denique
1097 1561 1201 1626 efficio
1218 1560 1300 1625 'honi
1350 1575 1354 1584 '

269 1649 360 1726 civis,
388 1648 483 1710 finem
513 1669 642 1747 quoqne
667 1648 803 1746 dignum
832 1661 865 1712 et
890 1650 1016 1734 optimo
1037 1647 1118 1725 vnn,
1142 1659 1301 1734 strepere
1359 1667 1362 1672 ·

268 1733 457 1796 sanbiiffimo
471 1733 566 1797 sacret
580 1756 587 1796 ε
611 1755 677 1795 non
690 1753 766 1818 quta
785 1733 925 1818 prodesse
947 1751 1100 1818 umquam
1114 1731 1189 1796 satis
1199 1732 1251 1808 sm
1264 1743 1303 1795 et

268 1817 324 1882 illa
339 1829 448 1882 mente
461 1833 558 1904 atque
572 1817 627 1880 ilia
641 1818 790 1882 facultate
807 1817 939 1905 praedito
953 1837 1016 1882 nou
1029 1816 1201 1881 eonveniat
1220 1835 1301 1902 opes

268 1902 314 1968 rie
328 1903 646 1990 pulcherrimi-quam
666 1903 878 1988 longissimum
900 1917 1047 1988 tempus:
1071 1902 1124 1967 sed
1146 1900 1300 1989 qim-ue·-

269 2003 324 2052 oet
339 1988 401 2052 hoc
415 2009 545 2074 quoque
559 1987 743 2073 prospicere,
760 2009 800 2052 ne
821 1987 919 2076 quid·
942 1987 1044 2073 pejds,
1060 2007 1157 2073 quem
1175 1985 1300 2065 fecerit,

267 2072 378 2138 saciat.
420 2075 538 2160 Neque
563 2072 647 2136 enim
667 2071 798 2137 seientia
822 2073 919 2136 modo
942 2073 1062 2136 constat
1085 2085 1203 2151 orator,
1217 2088 1335 2158 :quea

269 2171 408 2246 augetur
428 2159 530 2236 annis,
546 2157 597 2220 sed
620 2178 708 2234 voce,
728 2157 837 2236 latere,
861 2157 1031 2236 sinnitate3
1052 2157 1173 2242 quibus
1195 2156 1302 2220 nattis

271 2258 328 2308 aut
356 2243 536 2309 imminutis
562 2254 655 2305 aetate
680 2243 735 2306 seu
760 2241 952 2322 valetudine,
976 2242 1155 2306 cavendum
1180 2241 1235 2320 est,
1254 2243 1302 2306 fue

270 2327 351 2414 quid
370 2328 403 2391 in
425 2341 547 2392 oratore
566 2327 690 2391 summo
713 2325 913 2406 desideretur,
930 2333 989 2390 net
1005 2327 1167 2390 interhstat
1185 2324 1301 2412 fatiga-

271 2426 335 2492 tus,
359 2418 498 2500 neque
522 2411 619 2492 dicet,
644 2433 755 2498 parum
777 2412 879 2478 audiri
901 2411 1025 2518 sentiet,
1041 2411 1156 2476 net‘se
1173 2421 1303 2498 ,quaerat

304 2605 317 2630 ¹
330 2599 375 2646 ‘Sic
386 2600 466 2646 aum.
477 2618 505 2646 ex
517 2600 544 2646 V.
558 2597 680 2646 aalma.
697 2597 848 2659 supremam.
858 2598 921 2646 Jerrs.
986 2601 998 2633 0
1016 2597 1186 2645 eraseritiens.
1238 2595 1305 2642 em.

247 2697 251 2704 .
272 2662 353 2728 mium
363 2665 427 2712 iens.
491 2675 503 2712 ‘t
515 2664 613 2724 grandia
621 2663 653 2710 G.
663 2663 733 2710 sortia
742 2664 805 2710 Jeus.
872 2673 879 2697 τ
897 2676 938 2717 am.
951 2663 982 2710 G.
991 2663 1056 2712 Jenst
1105 2675 1131 2703 «ε
1145 2663 1174 2713 id·
1187 2660 1228 2725 rifi
1238 2659 1304 2712 sens.

274 2731 283 2759 ¹
301 2743 352 2778 non
364 2730 395 2778 G.
405 2729 470 2776 Jens.
535 2737 547 2764 υ
564 2742 610 2794 nec
620 2728 643 2776 se
653 2738 765 2804 queratur
776 2729 849 2792 petire
861 2727 964 2776 esent.
1243 2770 1246 2772 .

272 2891 366 2964 potuit.
396 2889 469 2942 Ultra
484 2889 641 2970 progreditur
652 2881 764 2961 Hardui-
848 2889 899 2951 XI,
920 2908 943 2940 ι.
970 2906 1000 2941 ne
1019 2887 1079 2958 quid
1095 2883 1302 2957 peius-faciat]

272 2978 331 3023 nus,
349 2971 375 3011 et
396 2959 458 3028 legit
480 2959 553 3010 clivis
571 2957 659 3010 elatius
691 2957 763 3019 obem,
812 2959 869 3009 Hoc
889 2957 965 3028 usque
984 2977 1013 3010 eo
1031 2959 1121 3010 metuit
1142 2959 1262 3016 Socrates,
1274 2968 1305 3007 ut

233 3027 238 3036 ’
275 3031 315 3082 vel
326 3029 441 3081 clivuset
451 3027 540 3079 elatius
545 3023 648 3097 silum.
680 3027 763 3090 eduisr
812 3027 875 3078 hanc
905 3023 1011 3096 rre'cipue
1027 3027 1125 3079 causam
1140 3025 1304 3076 habueritn-

274 3096 442 3151 laetiussuisset
461 3099 486 3150 in
502 3097 574 3149 libris
590 3097 710 3175 antiquie,
722 3111 764 3149 ne·
812 3047 904 3148 ritandi
921 3097 1019 3161 judices
1043 3097 1108 3158 suos,
1126 3111 1178 3163 quo
1200 3105 1305 3145 mortem

273 3168 335 3220 mini
353 3169 378 3217 in
396 3179 502 3218 mentem
519 3165 615 3220 venisset
630 3167 721 3218 dives:
741 3179 765 3219 et
813 3165 851 3216 ilii
871 3165 915 3220 fibi
935 3167 1099 3228 decernerem,
1117 3165 1183 3233 qnod
1200 3165 1225 3216 in
1247 3181 1304 3232 pro-

272 3235 355 3288 latius
364 3235 442 3306 fhsum
454 3239 529 3288 etiam
541 3237 624 3305 aspero
635 3247 659 3287 et
670 3236 764 3308 scrupis
804 3237 891 3307 'oenrio
902 3236 931 3288 A
949 3235 1037 3303 ologiae
1055 3236 1121 3288 iliius
1137 3235 1208 3286 docet
1220 3235 1305 3284 Xeno·

273 3305 374 3358 horrido
385 3307 517 3374 opponitur
531 3305 578 3357 &e
813 3304 890 3372 phou.
944 3317 1023 3356 tnota
1035 3303 1102 3356 illius
1114 3303 1218 3354 Barbari
1230 3303 1305 3353 histo-

312 3393 354 3443 79.
372 3375 448 3426 lenius
457 3373 561 3446 supina]
582 3376 656 3425 Hunc
673 3371 765 3425 mollem
814 3373 859 3433 ria,
872 3374 916 3442 qui
933 3373 1037 3424 interfici
1052 3372 1146 3434 mallet,
1159 3389 1235 3441 quam
1252 3371 1305 3440 spe-

274 3445 369 3498 clivum
380 3444 423 3496 esse
430 3445 482 3510 jam
493 3444 613 3502 diximus,
626 3457 650 3494 et
662 3443 765 3494 ostendit
814 3441 894 3493 cimen
916 3443 976 3494 artis
994 3443 1073 3503 edere,
1092 3459 1168 3511 quam
1191 3442 1304 3510 aliquan-

274 3516 390 3586 plnribus
408 3525 462 3566 tum
474 3515 505 3566 ad
523 3513 549 3564 h.
562 3512 580 3564 l.
597 3513 764 3574 Burmannus,
813 3510 858 3561 diu
870 3528 919 3562 non
935 3525 1083 3574 exercuerat,
1095 3529 1126 3564 ne
1138 3510 1230 3562 famam
1242 3509 1306 3561 sorte

274 3598 330 3637 turn
348 3583 474 3636 Bentleius
492 3583 523 3635 ad
538 3585 629 3662 Horat.
642 3581 724 3650 Epod.
740 3599 764 3642 1,
791 3576 914 3650 ”peccato
928 3582 1061 3632 amitteret.
1288 3593 1291 3598 ’

274 3657 387 3775 insi
400 3647 765 3792 sibisshissss,
813 3651 965 3780 ..Z'ssis‘
977 3645 1306 3784 s“sss.²i..¹.hs.‘¹{sh;

274 3805 305 3846 ut
324 3793 374 3854 hic,
391 3791 532 3843 obsederat:
557 3789 766 3859 quemadmodum
814 3788 904 3840 alium.
934 3788 1088 3840 Iihrstramnt
1098 3789 1162 3838 hene
1173 3784 1306 3864 formulam

274 3865 350 3916 etiam
369 3864 394 3913 in
415 3862 494 3912 Statio
517 3859 610 3912 fesium
629 3859 717 3922 Theb.
739 3863 765 3921 8,
814 3856 908 3910 laudati
941 3857 981 3910 hic
1013 3857 1156 3909 Burmauno
1184 3854 1306 3906 Graevius

277 3936 339 3994 6401,
349 3933 393 3982 ubi
402 3929 479 3982 crines
489 3947 507 3980 a
511 3930 599 3996 fronte
603 3927 764 3998 stephanie.
805 3926 884 3978 sent.
903 3925 1002 3978 Hesiod.
1027 3943 1051 3976 c.
1079 3923 1254 3978 10.Broukh.
1274 3925 1306 3978 ad

276 4000 383 4052 molliter
410 4001 536 4067 surgentes
566 3998 706 4066 retrorsum,
736 3997 767 4049 e'x
815 3995 881 4048 Tib.
895 4015 920 4055 2,
936 3998 1015 4059 3,26.
1035 3995 1124 4046 Barth.
1138 3993 1169 4044 ad
1187 3995 1251 4044 Stat.
1265 3995 1306 4048 A·

276 4070 353 4121 MSS.
377 4069 482 4136 reposuit
507 4085 551 4138 pro
565 4065 679 4136 supernis
703 4067 765 4118 Bar·
814 4065 884 4117 chill.
898 4083 924 4126 2,
937 4083 999 4114 211.
1029 4065 1155 4115 Caeterum
1170 4063 1306 4140 quodsua-

277 4140 357 4190 thius.
383 4140 469 4190 Verbo
488 4140 567 4208 igitur
585 4135 662 4186 lenius
675 4135 767 4206 supina
815 4135 857 4184 det
869 4135 908 4184 hic
921 4133 1016 4184 Fabius
1027 4132 1094 4193 asiis,
1107 4133 1133 4184 id
1145 4133 1168 4186 se
1178 4132 1257 4186 iecisse
1269 4133 1307 4204 ip-

275 4210 330 4259 sunt
351 4207 434 4264 minus
451 4209 503 4272 jam
522 4209 610 4269 ardua,
627 4205 708 4258 adhuc
728 4216 767 4256 ta·
816 4202 1019 4266 sumtesiatur2,
1033 4219 1076 4265 12,
1091 4221 1133 4255 η.

273 4295 330 4332 men
344 4275 473 4331 attrivit.
1019 4297 1025 4308 ·

1487 2221 1490 2364 ᾧ
