3014 4918
242 390 302 454 aa
403 341 406 346 ’
473 369 1035 434 mrrmrourucrrmam

240 535 315 616 lius,
331 557 405 604 ¹uun
429 547 554 602 tautum
578 535 609 600 se
634 534 750 600 debere
773 535 887 601 sobolis
910 537 1085 617 rhetorum,
1109 545 1264 624 quantum

240 621 425 686 Academia
443 621 562 707 spatiis,
576 619 756 706 frequenter
775 621 839 707 ipse
859 621 985 685 testatus
1007 624 1059 687 est.
1103 623 1217 709 Neque
1231 623 1263 687 se

240 719 329 770 tanta
350 708 383 770 in
404 728 444 770 eo
466 727 617 790 umquam
639 704 763 769 fudisset
784 707 923 781 ubertas,
941 707 962 768 fi
985 706 1148 790 ingenium
1171 708 1261 770 suum

238 789 391 876 consepto
414 789 486 867 sori,
501 813 565 854 non
589 789 683 874 ipsrue
708 791 839 854 rerumh
866 805 986 854 naturae
1011 791 1127 855 finibus
1150 791 1260 854 termi-

238 875 346 942 nasset.
390 877 511 941 Verum
531 896 572 938 ex
594 874 657 938 hoc
676 873 839 938 aliamihi
861 876 990 960 quaeslio
1012 877 1163 953 exoritur,
1190 897 1262 960 quae
1292 921 1298 928 -

237 959 474 1024 scelerantem
489 959 661 1045 plurimum
676 959 866 1046 eloquentiae
880 959 989 1045 possit:
1012 981 1203 1046 quamquam
1224 981 1262 1023 ea

239 1067 304 1112 nou
320 1045 402 1108 inter
418 1044 550 1108 multas¹
571 1045 670 1130 potest
690 1043 749 1108 esic
771 1044 946 1108 contentio.
990 1046 1075 1108 Nam
1099 1044 1129 1107 in
1153 1045 1317 1130 primicer„

238 1151 297 1197 nou
320 1130 467 1217 Epicurus
481 1152 501 1191 a
514 1129 544 1192 se
558 1128 640 1213 ipse¹
662 1125 809 1204 dimittit,
824 1129 880 1213 qui
899 1128 1011 1213 sugere
1026 1149 1153 1192 omnem
1168 1130 1260 1194 disci-

237 1214 359 1299 pliuam
380 1213 582 1300 navigatione
606 1224 736 1298 quamru
761 1213 975 1276 velocissima*¹
994 1213 1101 1300 jubet.
1145 1215 1262 1300 Neque

238 1320 313 1362 uem
339 1298 520 1385 Aristippus,
546 1297 702 1382 summum
726 1295 759 1358 in
786 1297 948 1383 voluptate
974 1299 1114 1383 corporis
1139 1300 1261 1365 bonum

237 1403 371 1470 ponem
387 1384 426 1447 ad
447 1384 532 1446 hunc
551 1403 608 1444 nos
629 1381 769 1444 laborem
790 1380 976 1446 adhortetur
987 1397 1010 1445 ⁰.
1056 1383 1168 1468 Pyrrho
1188 1385 1261 1468 qui·-

239 1468 313 1534 dem
335 1489 413 1553 quas
428 1467 468 1529 :in
489 1467 551 1530 hoc
571 1487 666 1550 opere
681 1477 782 1549 partes
803 1463 920 1528 habere
940 1467 1048 1552 potest,
1064 1467 1116 1532 cui
1136 1467 1261 1554 judices

238 1553 309 1629 else,
325 1552 407 1637 apud
430 1571 511 1636 quos
530 1552 626 1615 verba
646 1549 756 1626 saciat,
772 1563 806 1612 et
824 1570 926 1626 reum,
943 1569 999 1633 pro
1018 1573 1084 1636 quo
1101 1552 1260 1638 loquatur,
1288 1601 1291 1606 .

237 1647 274 1702 et
298 1637 451 1713 senatum,
467 1635 500 1698 in
523 1657 587 1719 quo
611 1635 647 1698 fit
669 1634 802 1697 dicenda
824 1633 988 1711 sententia,
1009 1657 1070 1698 non
1098 1635 1257 1722 liquebit?

239 1720 432 1789 Academiam
454 1719 610 1806 quidam?
633 1719 823 1782 utilissimam
849 1718 994 1796 credunt,
1018 1720 1104 1806 quod
1129 1743 1198 1784 mos
1227 1723 1260 1786 in
1274 1731 1314 1800 25

238 1818 549 1892 utramquepartem
571 1803 735 1868 disserendi
755 1803 795 1866 ad
815 1803 1073 1868 exercitationem
1093 1805 1262 1871 sorensum

239 1889 410 1957 mutarum
431 1890 573 1976 proxime
593 1889 733 1952 accedat.
776 1886 944 1974 Adjiciunt
963 1889 1036 1952 loco
1056 1889 1261 1974 probationie,

239 1974 327 2062 qrrod
342 1995 378 2038 ea
395 1973 652 2060 praestantissimos
671 1974 704 2036 in
719 1971 901 2058 eloquentia
915 1973 998 2036 viros
1012 1974 1156 2039 ediderit.
1200 1978 1261 2039 Pr-

238 2059 386 2144 ripatetici
399 2059 499 2128 studio
513 2079 640 2144 quoque
655 2057 685 2120 se
699 2057 839 2143 quodam
854 2059 991 2120 oratorio
999 2057 1132 2144 jattant.
1176 2061 1262 2124 Nam

239 2144 343 2210 thesea
366 2142 471 2208 dicere
491 2141 725 2208 exercitationis
745 2141 848 2227 gratia
868 2141 933 2204 sere
953 2143 995 2205 esi
1017 2144 1056 2206 ab
1072 2143 1123 2206 his
1137 2144 1260 2208 institu'-
1309 2207 1311 2212 .

189 2235 192 2240 '
239 2240 323 2293 tum.
369 2229 468 2308 Stoici,
495 2227 571 2290 ficut
599 2226 722 2310 copiam
752 2227 950 2311 nitoremque
977 2226 1168 2312 eloquentiae
1197 2229 1261 2293 sere
1275 2223 1317 2288 26

189 2333 190 2338 ’
261 2313 484 2398 raeoeptoribus
499 2312 561 2376 suis
575 2309 703 2374 defuisse
719 2309 905 2384 concedant,
921 2309 1039 2373 necesse
1053 2312 1107 2390 est,
1122 2312 1167 2374 ita
1187 2313 1261 2376 nul-

236 2335 286 2463 lis
307 2411 363 2460 aut
387 2399 517 2481 probare
540 2395 653 2473 acrius,
674 2408 729 2458 aut
747 2393 937 2457 concludere
956 2394 1103 2459 subtilius
1126 2405 1260 2460 conten-

127 2512 130 2520 ,
238 2481 332 2547 dunt.
376 2481 440 2544 Sed
459 2472 529 2544 haee
549 2481 631 2544 inter
654 2478 746 2565 ipsos,
760 2478 816 2563 qui
836 2477 923 2542 velut
936 2477 1127 2544 sacramento
1146 2483 1261 2567 rogati,

236 2565 401 2632 ueletiam
422 2565 637 2652 superstitione
655 2561 823 2641 constricti,
838 2561 927 2625 nefas
944 2563 1067 2627 ducunt
1087 2587 1105 2626 a
1122 2565 1263 2652 suscepta

237 2650 360 2715 semela
383 2649 576 2735 persuasione
595 2647 764 2713 discedere.
809 2646 937 2711 Oratori
956 2668 1029 2712 vero
1048 2647 1127 2712 nihil
1143 2652 1185 2713 est
1205 2673 1261 2715 ne·
1310 2691 1312 2698 ‹

239 2733 317 2799 cesse
330 2735 363 2797 in
379 2733 561 2820 cujusquam
575 2733 682 2820 jurare
697 2732 796 2818 leges.
840 2730 947 2817 Majus
963 2733 1046 2795 enim
1062 2735 1103 2797 est
1117 2756 1196 2819 opus
1212 2743 1261 2800 at'-
1276 2744 1314 2811 27

237 2833 302 2905 ,que
323 2819 530 2917 praestantius,
552 2819 593 2882 ad
614 2817 700 2904 quod
715 2817 778 2901 ipse
802 2815 917 2893 tendit,
943 2828 976 2882 et
996 2817 1087 2904 cujus
1109 2822 1151 2882 est
1176 2821 1262 2885 velut

238 2903 438 2981 candidatus,
459 2904 479 2966 fi
527 2901 633 2966 uidem
662 2902 704 2964 est
726 2900 850 2964 foturus
875 2921 949 2964 cum
971 2902 1058 2979 vitae,
1075 2915 1144 2966 tum
1165 2906 1261 2968 etiam

239 2986 432 3073 eloquentiae
455 2986 509 3052 lau
573 2985 743 3072 perfectus.
787 2984 896 3051 Quare
917 2985 950 3046 in
976 2987 1154 3072 exemplum
1181 2990 1261 3052 bene

236 3069 368 3137 dicendi
382 3071 633 3136 facundissimum
648 3091 809 3157 quomque
822 3081 978 3155 proponet
997 3070 1053 3135 fibi
1074 3071 1115 3135 ad
1130 3073 1260 3161 imitan-

273 3287 286 3318 Ἰ
305 3287 388 3337 am.G.
452 3283 640 3333 imultociens.
705 3285 778 3347 lipso
789 3285 820 3334 G.
884 3285 982 3346 nlquusi
994 3286 1026 3335 G.
1090 3250 1263 3341 nvelocissime

241 3352 272 3400 G.
283 3353 345 3400 leus.
411 3351 620 3409 ‘horteturlens
682 3349 851 3412 'quidemid
915 3352 1045 3398 adamum
1057 3351 1088 3400 G.

241 3547 245 3554 '
272 3547 319 3606 '24.
340 3540 458 3611 Epicurus
473 3557 490 3592 a
499 3543 529 3612 sc
545 3539 659 3606 dimittit]
677 3540 728 3610 Qi
775 3541 927 3610 Empiricos.

241 3612 375 3680 neglexerit
385 3610 500 3663 orationis
514 3617 657 3674 ornamenta
669 3611 726 3662 Cic.
812 3629 854 3674 25.
870 3611 1188 3682 praestantiffunrs-oiras]
1204 3616 1262 3670 Pla·

241 3683 272 3734 de
289 3683 346 3732 Fin.
367 3700 391 3741 1,
406 3699 430 3744 5,
443 3681 486 3747 qui
503 3679 577 3730 etiam
595 3679 669 3730 Brut.
685 3697 727 3744 35,
776 3689 858 3730 tonem
876 3683 957 3746 primo
975 3683 1064 3750 ipsum,
1086 3685 1172 3752 (quem
1190 3687 1261 3735 audi-

241 3752 378 3819 Epicureos
391 3748 488 3800 minime
502 3757 586 3816 aptum
597 3748 633 3808 ad
647 3747 728 3810 dicen·
776 3747 832 3800 uisse
840 3749 1014 3801 mododittum
1022 3753 1054 3802 est
1065 3753 1259 3820 Demosthenem)

234 3822 406 3886 ‘diagerum
426 3817 508 3887 pellat.
570 3864 573 3874 ,
775 3828 831 3868 tum
848 3818 1147 3890 Carneademsipsumque
1162 3823 1262 3872 Cicero..

231 3937 237 3942 .
276 3905 320 3950 24.
337 3837 442 3958 Pyrrii]
462 3889 552 3938 Artem
569 3903 627 3938 vero
644 3886 726 3953 impu·
774 3903 841 3938 nem.
896 3949 898 3952 Ι
1231 3904 1246 3910 ”

232 3957 324 4012 ,denter
332 3956 449 4024 negandi,
459 3966 483 4006 et
493 3953 726 4023 oppugnandi‚quae
811 3973 855 4018 ας.
873 3953 1041 4023 Peripatetici]
1061 3958 1124 4028 Qis
1141 3960 1206 4009 enim
1223 3959 1262 4011 vel

240 4023 368 4080 manifesta
381 4025 495 4078 videntur
505 4025 570 4083 aliis,
581 4040 653 4074 nemo
663 4023 727 4076 forte
774 4023 806 4075 de
817 4025 933 4076 Oratoria
949 4037 999 4074 arte
1016 4025 1103 4076 melius
1120 4027 1209 4094 scripsit
1220 4030 1262 4079 A.

240 4093 337 4159 {alicius
357 4093 486 4147 docuerit-r
515 4103 540 4146 et
567 4093 621 4144 sa'ne
649 4092 728 4144 multa
775 4092 888 4153 ristotele,
910 4104 953 4144 aut
973 4093 1142 4162 Theophrasto
1163 4097 1261 4150 locutus

240 4163 405 4230 suppositabit
427 4162 454 4214 in
475 4167 606 4228 uuamque'
633 4172 729 4230 partem
776 4161 820 4216 esse
829 4161 964 4232 elegantius
976 4171 1097 4234 putatur?

151 4238 157 4249 ‘
240 4232 370 4302 disputare.
385 4231 477 4283 amanti
499 4230 609 4302 praesidia
638 4231 726 4286 Sextus
