3026 4930
254 365 313 431 186
497 359 543 424 M.
563 357 686 424 rann
707 355 1054 422 outncttttantt

248 539 356 594 tamen
381 523 451 614 ejus
476 533 595 612 opera·
616 535 650 590 et
677 523 850 590 maximam
876 523 1017 592 indolem
1046 525 1227 609 ostendunt,
1250 529 1286 596 e‘t
1360 553 1364 566 ¹

209 653 218 680 .
248 608 427 680 mirabilem
438 614 463 692 δ,
479 612 639 698 praecipue
652 610 687 676 in
702 621 795 676 aetate
810 609 878 690 illa,
892 612 970 677 recti
991 613 1119 699 generis
1133 613 1283 680 uolunta·

249 713 328 764 tem.
372 697 519 766 Multum
547 698 580 760 in
610 696 725 760 lsalerio
750 696 857 762 Flacco
877 719 977 799 nuper
997 697 1183 764 amintam.
1214 700 1341 784 Ve-9o

249 785 384 850 hemena
400 793 434 849 et
456 782 617 870 poeticum
641 781 809 870 ingenium
832 781 947 848 Saleie‘
963 783 1049 870 aaffl
1067 783 1141 864 fuit,
1158 805 1218 850 nec
1233 785 1282 872 ip-

249 871 317 934 sum
340 869 502 936 senec'iutc
523 881 697 932 maturum.
741 867 884 932 Rabirius
905 886 943 932 aa
965 869 1046 934 Pedo
1070 889 1134 934 non
1157 870 1284 960 indigni

249 955 450 1042 cognitione,
473 954 493 1016 li
519 966 621 1018 vacet.
665 953 809 1018 Lucanas
831 953 956 1034 ardens,
980 967 1013 1018 et
1035 955 1227 1037 concitatus,
1251 968 1285 1020 et

248 1041 414 1106 sententiis
442 1037 638 1118 clariffimus,
664 1051 709 1118 et,
735 1052 772 1104 ut
794 1039 899 1103 dicam
928 1039 1018 1127 quod
1042 1040 1155 1119 sentin,
1180 1042 1284 1129 magis

248 1125 440 1206 oratoribus,
456 1147 552 1208 quam
574 1123 676 1212 poetis
693 1123 964 1192 adnumerandus.
1009 1127 1082 1194 Hos
1103 1127 1281 1194 nominarit·
1296 1143 1335 1211 91

248 1235 336 1292 mus,
358 1209 435 1298 quia
460 1211 689 1282 Germanicum
716 1211 899 1296 Augustum
924 1211 965 1274 ab
995 1211 1144 1283 institutis
1175 1213 1284 1280 studiis

249 1295 379 1363 deflexit
393 1319 468 1362 cura
488 1310 654 1374 terrarum,
671 1315 845 1382 parumque
859 1295 921 1358 diis
942 1295 1043 1360 visum
1063 1298 1117 1376 est,
1132 1298 1193 1364 elie
1208 1321 1285 1376 cum

249 1383 427 1448 martimum
443 1395 621 1468 poctarum.
667 1379 757 1446 Quid
771 1387 879 1444 tamen
895 1381 935 1444 iis
950 1381 1020 1530 ipsis
1035 1380 1103 1466 ejua
1122 1385 1284 1468 operibus,

248 1469 385 1556 inqua,
402 1466 550 1544 donato†
573 1464 719 1551 imperio,
736 1464 866 1552 juvenis
885 1466 953 1530 lece
978 1477 1046 1531 crat
1057 1477 1088 1548 1,
1103 1467 1283 1548 sublimius,

280 1667 483 1732 *operantem
564 1665 679 1715 badmit.
690 1665 721 1715 G.
731 1667 795 1715 lens.
876 1667 1015 1718 ‘stultia
1095 1668 1171 1730 †iid.
1183 1679 1205 1716 et
1216 1669 1282 1718 Baeti.

249 1739 344 1846 itempue
362 1732 443 1798 Voffit
465 1743 487 1780 et
505 1747 516 1791 3
537 1734 666 1794 ap.Burm.
683 1749 763 1780 necron
773 1731 835 1796 Baffi
847 1743 869 1780 et
884 1735 947 1800 Lips.
962 1735 1066 1788 donatus
1082 1734 1122 1782 rel.
1138 1745 1210 1790 natue
1226 1737 1282 1802 conj.

250 1801 320 1848 Scite·
386 1803 401 1858 ἶ
417 1798 554 1848 succeffctat
564 1815 641 1852 omnes,
647 1807 711 1860 pute.
728 1797 779 1846 vid.
791 1809 835 1846 aot.

250 1958 742 2098 ...tnlllzllll§.titulati
789 1959 1282 2092 &altiltutttlmat

249 2104 348 2154 toribus
360 2121 381 2153 c.
399 2119 411 2166 5
430 2110 454 2152 et
467 2119 500 2167 93
515 2115 596 2167 neque
607 2110 691 2152 tamen
705 2100 742 2152 ita
789 2100 834 2162 ris,
857 2101 971 2154 adversus
994 2101 1089 2154 Titum
1111 2099 1222 2165 fratrem,
1242 2103 1281 2158 vel

249 2173 344 2226 diversa
355 2172 386 2224 ab
398 2171 445 2224 hoc
456 2169 531 2222 Fabii
540 2169 646 2236 judicio,
656 2181 686 2221 ut
698 2169 744 2222 illo
790 2181 885 2240 patrem
905 2169 968 2222 forte
988 2170 1077 2240 ipsum,
1094 2183 1209 2234 conatus,
1229 2173 1282 2226 De.

249 2253 399 2313 argumento
408 2239 538 2310 dialogum
554 2239 635 2309 ipsum
647 2237 685 2292 illi
696 2239 742 2291 ab·
789 2239 1009 2301 mammarum,
1021 2241 1205 2312 inquinsperni
1215 2244 1282 2313 ast.

247 2307 742 2380 jndicem3quodaBarthiofatlumad
788 2308 897 2362 niaribus
920 2309 1047 2376 juvnttam
1067 2311 1144 2380 stram
1171 2328 1280 2376 cernens,

252 2383 315 2434 Stat.
338 2381 425 2434 Theb.
452 2397 494 2441 10,
519 2397 580 2443 700,
604 2378 644 2430 hic
667 2378 742 2432 refert
791 2377 882 2430 modica
904 2397 994 2450 quaque
1015 2389 1040 2432 et
1061 2381 1180 2451 usterpata
1204 2391 1282 2433 antea

249 2452 419 2506 Burmannus.
790 2449 876 2500 munia
895 2450 992 2519 imperii
1011 2450 1152 2512 omittebat,
1165 2449 1281 2519 ſsmplici.

285 2515 516 2589 91.Gemanicum
527 2515 670 2587 Augustum]
687 2517 741 2570 Do-
789 2517 852 2570 tatis
861 2528 885 2570 et
895 2519 1013 2600 modefliae
1024 2519 1137 2600 ,imagine
1152 2520 1179 2573 ia
1194 2520 1281 2573 altitu-

247 2593 392 2653 mitianum,
403 2590 445 2642 cui
461 2587 561 2657 adrepti
573 2605 641 2640 more
652 2587 705 2648 suo,
716 2599 742 2642 et
789 2586 870 2651 dinam
888 2587 1005 2653 condatur,
1020 2591 1176 2661 flatumque
1194 2588 1282 2644 utera

249 2671 390 2733 temporum
408 2658 582 2780 miseriasspua
601 2655 651 2710 sola
667 2673 741 2710 excu-
789 2673 845 2710 rum
856 2669 879 2710 et
890 2675 997 2714 amorem
1010 2659 1282 2728 carminumsimulans,

247 2733 294 2785 sari
317 2731 379 2784 forte
402 2728 478 2800 potest
505 2728 511 2738 '
548 2727 606 2798 igna
629 2725 741 2796 alioquin
789 2743 834 2796 qua
850 2727 952 2781 velaret
968 2730 1087 2791 animum,
1098 2741 1123 2782 et
1131 2729 1230 2798 fratris
1244 2749 1281 2780 a.

248 2801 368 2858 adulatio.
392 2801 432 2854 De
451 2799 603 2850 Arareomm
622 2799 740 2868 interpre-
789 2797 917 2862 mulationi
924 2797 1110 2870 subduceretur,
1121 2801 1189 2872 cujus
1200 2799 1281 2870 dispa-

247 2873 341 2924 tatione
349 2870 419 2923 versa
428 2867 568 2919 hexametro
577 2867 675 2938 scripta,
683 2883 741 2989 puer
788 2881 842 2918 rem
862 2867 1027 2938 mitioremque
1053 2879 1170 2922 naturam
1195 2879 1282 2922 catara

249 2941 354 2994 Caesaris
365 2938 512 2992 Germanici
529 2947 618 2988 nornen
631 2953 682 3007 prae
694 2948 740 2998 ert,
788 2934 1009 3005 interpretabatur.
1040 2941 1071 2992 ln
1083 2939 1149 2993 hunc
1161 2938 1230 3007 quast
1240 2955 1282 2998 ars

249 3011 385 3080 accipiebat
398 3005 544 3076 Rutgctlrus
556 3007 616 3058 Var.
630 3007 701 3058 Lea.
712 3023 739 3069 2,
789 3005 902 3057 ticulum
924 3009 1042 3077 temporis
1076 3011 1190 3060 convenit
1217 3006 1281 3063 illud

250 3099 275 3146 9,
288 3099 336 3132 non
354 3079 510 3147 improbante
526 3077 585 3126 Nic.
598 3076 698 3133 Heinsio
708 3077 741 3128 ad
791 3076 902 3128 Suetonii
920 3077 1018 3128 Domit.
1041 3093 1066 3128 c.
1086 3095 1111 3128 a.
1142 3075 1281 3130 Simulavit
1319 3113 1321 3116 -

250 3147 309 3201 Val.
319 3150 389 3202 Flac.
404 3165 429 3208 t,
441 3165 482 3210 13,
490 3157 514 3196 et
525 3144 646 3198 Vollrodc
657 3146 741 3200 Poetis
790 3155 815 3196 et
825 3144 872 3214 ipse
883 3145 944 3196 mire
954 3145 1098 3215 modestiam,
1109 3146 1136 3197 ire
1148 3145 1280 3216 primasque

250 3221 311 3272 Lat.
326 3237 351 3284 3,
362 3217 428 3269 etde
439 3215 546 3268 Mathesr
560 3231 572 3279 3
578 3232 604 3280 ς.
626 3216 671 3267 Sed
684 3217 742 3268 Cae·
785 3215 1006 3284 poeticaestudium
1015 3225 1067 3266 tam
1078 3216 1194 3285 insertum
1203 3226 1280 3268 autea

249 3289 296 3342 sari
309 3286 461 3341 Germanico
471 3283 545 3337 Druli
556 3286 587 3336 F.
605 3285 669 3336 rene
685 3287 742 3336 vin·
781 3283 924 3352 fibi,quam
960 3284 1018 3354 stra
1029 3286 1142 3354 spretum
1158 3295 1184 3336 et
1198 3283 1279 3354 abjec-

247 3357 419 3411 dicaruntilla
428 3354 741 3422 Gitaldus,etptaesertim
788 3362 850 3404 tum.
877 3369 944 3405 con.
967 3372 992 3406 c.
1017 3369 1061 3404 ao.
1093 3356 1152 3406 Huc
1174 3357 1279 3442 pertinet

251 3429 383 3483 Trillanus
396 3427 470 3478 Corn.
484 3443 509 3494 p.
524 3441 584 3490 320,
597 3424 742 3476 Burmannn
789 3423 864 3474 etiam
876 3422 968 3474 Valerii
985 3422 1069 3474 Flacci
1079 3441 1240 3494 proaemtum,
1253 3427 1279 3480 in

250 3499 367 3551 laudatus
387 3497 428 3549 ltic
448 3507 473 3546 et
492 3495 523 3545 ad
542 3492 599 3546 Val.
621 3493 739 3548 Flaccum
789 3509 841 3560 quo
852 3495 928 3545 Poeta
944 3493 1117 3562 Vespasianum
1134 3505 1227 3564 patrem
1241 3495 1278 3547 al2

250 3569 269 3620 l.
292 3585 316 3620 c.
340 3568 405 3620 unde
425 3564 486 3618 illud
508 3573 610 3634 apparet
632 3562 740 3633 liquido,
788 3561 901 3630 loquitur
921 3563 988 3614 haud
1010 3562 1088 3618 dubie
1110 3565 1150 3614 ltis
1175 3565 1277 3634 verbisa

249 3639 353 3690 scribere
366 3633 489 3690 instituite
498 3634 669 3686 Domitianum
677 3649 740 3685 ver.
789 3632 888 3704 Versum
917 3632 1000 3709 prole(
1023 3643 1078 3696 tua,
1107 3634 1278 3698 Domitianus,

243 3711 303 3780 sam
321 3705 591 3772 Idumen'ssdumaeam
608 3702 738 3772 vallatam)
784 3709 923 3770 pangatur
946 3704 1054 3755 carmine
1075 3702 1196 3754 describat
1218 3703 1279 3763 ltin.

250 3791 276 3830 et
298 3777 388 3852 Solymo
408 3775 547 3845 migrantum
565 3771 674 3841 pulvere
695 3775 740 3840 (nb
787 3785 843 3823 men
863 3772 883 3824 s.
908 3773 1039 3840 judaiuns
1071 3772 1182 3842 Namque
1204 3775 1280 3846 potest

251 3847 406 3918 Hierot'olym
452 3843 741 3912 mmpugnatiomlsra'-
786 3839 888 3912 propter
896 3843 1018 3895 ‹lirinum-
1030 3844 1171 3912 ingenium
1191 3854 1216 3896 ct
1235 3844 1279 3895 Sa·

250 3918 394 3970 tremsuum
407 3863 513 3986 litum.
715 3931 731 3954 κ
788 3911 860 3980 inmo*
873 3912 1014 3981 erimantum
1037 3912 1145 3981 puluere
1164 3912 1279 3981 fratrem

289 3993 333 4054 91'.
353 3987 441 4037 donate
456 3981 741 4052 imparasjuaeetrse.
789 3981 884 4052 Titum
894 3981 1009 4034 celebrat.
1040 3981 1281 4050 (Addamusobiter
1370 4006 1374 4012 ·

250 4055 361 4126 refferat]
377 4055 462 4105 Primo
472 4055 521 4103 inte
552 4051 742 4104 retabimnristn
788 4063 815 4102 et
825 4066 883 4121 quae
893 4051 1037 4120 sequuntur,
1048 4067 1106 4102 cum
1122 4051 1281 4111 difficultatis

252 4127 334 4180 verbis
353 4123 443 4176 Taciti
461 4123 525 4192 adpo
535 4123 586 4183 rtis,
598 4139 655 4190 quac
673 4136 741 4173 com·
790 4121 886 4191 aliqttid
904 4122 992 4173 habere
1001 4121 1143 4174 videantur.
1172 4121 1216 4175 tlte
1227 4123 1279 4182 ‘ru

252 4195 373 4249 menrarii'
393 4193 467 4244 inliar
484 4193 516 4244 in
540 4191 742 4244 difficillimom'm
785 4201 831 4242 'tus
860 4189 914 4253 tibi,
937 4194 962 4242 Ο
988 4190 1139 4258 Vcspalianc,
1160 4191 1281 4263 curtante

252 4283 330 4317 unum
343 4263 417 4317 Fabii
428 4262 512 4315 locum
522 4261 567 4316 csse
578 4261 682 4333 polluat.
702 4263 744 4316 Ita
790 4261 871 4318 Datim
898 4271 947 4332 pet
971 4261 1103 4324 statuti,
1131 4261 1282 4334 &labraque
