3020 4918
268 399 329 479 ²94
499 401 544 462 M.
566 391 693 458 tntu
713 385 1080 463 outuotrtrnut‘

268 585 360 630 mutu
375 559 514 649 profesto
529 579 645 626 nomen
661 561 793 625 oratoris
809 563 891 648 apud
905 563 1041 651 posteros
1059 563 1152 632 soret.
1196 569 1299 658 Adjea

269 649 356 714 cisset
374 649 471 728 enim,
488 661 583 733 atque
604 645 775 711 adiciebat
795 649 909 713 ceteris
931 651 1101 716 virtutibus
1116 654 1190 731 siris,
1210 655 1299 741 quod

269 733 432 798 desiderari
457 735 568 820 potest.
613 669 654 796 Id
678 733 721 794 est
745 745 866 814 autem,
893 746 932 799 ut
960 739 1034 802 esset
1062 739 1165 802 inuito
1194 741 1299 826 ningit

268 837 412 905 pugnax,
427 831 461 883 et
483 818 594 904 saepius
616 815 658 880 ad
680 839 787 882 curam
809 841 916 884 rerum
939 823 980 902 ab
1003 823 1182 888 elocutione
1203 825 1298 910 respi-

269 906 394 968 ceretb.
439 904 591 969 Ceterum
613 902 807 990 interceptus
827 927 957 992 quoque
978 929 1131 994 magnum
1152 910 1206 972 fibi
1225 911 1297 973 vin·
1344 969 1353 1010 q

270 987 357 1052 dicat
369 987 490 1054 locum.
535 989 583 1054 En
602 988 644 1051 est
665 984 824 1070 facundia,
841 1004 929 1054 tanta
944 992 977 1057 in
995 993 1194 1078 explicando,
1211 995 1299 1082 quod
1312 973 1337 1010 ¹²

269 1073 359 1152 velit,
377 1075 500 1162 gratio:
524 1087 590 1138 tem
616 1071 788 1138 candidum
815 1089 849 1140 et
873 1076 969 1140 lene‘
997 1091 1030 1142 et
1054 1079 1225 1164 speciosum
1248 1080 1299 1144 di·¹
1353 1116 1358 1126 ·

270 1159 364 1224 cendi
386 1183 511 1248 genus:
535 1170 624 1224 tanto
647 1159 829 1239 verborum,
850 1160 947 1223 etium
971 1187 1045 1248 quae
1067 1165 1199 1228 assumta
1218 1164 1304 1248 sunt,'

269 1244 462 1332 proprietas:
486 1244 621 1312 tantuin
637 1243 826 1330 quibusdam
841 1267 881 1308 ex
889 1245 1038 1392 periculo
1057 1250 1167 1348 petitis
1181 1250 1306 1336 srgnifi·.

271 1331 389 1397 cantia.
433 1331 609 1396 Habebunt
630 1328 688 1415 qui
715 1331 781 1416 post
805 1349 863 1393 nos
911 1331 1131 1397 eora'tonbus
1154 1335 1323 1431 scribent,¹
1344 1392 1360 1436 ἵ.

271 1437 421 1504 magnam
444 1437 511 1495 eos,
527 1414 583 1502 qui
604 1433 690 1477 nunc
711 1414 833 1500 vigent,
848 1415 1011 1480 materiam
1028 1438 1100 1481 vere
1115 1417 1264 1483 laudandi
1275 1433 1299 1485 ⁰.
1328 1401 1361 1468 ²·

273 1503 355 1565 Sunt
377 1500 461 1564 enim
477 1497 599 1565 summo
619 1497 730 1578 hodie,
744 1500 863 1586 quibus
884 1499 1052 1565 illustratur
1073 1502 1188 1582 forum,
1204 1503 1300 1591 inge-

272 1587 336 1650 nia.
372 1587 524 1674 Namque
539 1598 573 1650 et
587 1582 872 1672 consummatijam
888 1586 1011 1670 patroni
1025 1587 1183 1651 veteribus
1198 1611 1299 1652 aernu-

271 1671 388 1750 lautus,
404 1683 437 1735 et
451 1693 506 1735 eos
522 1670 678 1758 juvenum
698 1669 738 1733 ad
755 1671 877 1756 optima
891 1671 1091 1736 tendentium
1106 1673 1250 1737 imitatur
1264 1694 1302 1737 ac

270 1755 412 1843 sequitur
435 1757 597 1821 industria.
641 1753 823 1842 Supersunt,
845 1756 901 1842 qui
924 1755 964 1819 de
986 1757 1182 1842 philosophia
1205 1759 1300 1844 scrip-

272 1843 378 1906 serunt
387 1841 409 1921 f,
422 1863 488 1928 quo
511 1843 544 1905 in
612 1859 686 1903 nere
709 1840 906 1926 paucissimos
926 1841 1032 1906 adbuc
1053 1842 1237 1927 eloquentes
1261 1845 1300 1908 li·
1316 1827 1359 1874 ¹²³

271 1940 350 1990 terae
365 1928 518 1991 Romanae
535 1861 692 1990 tuidmnt.
736 1923 828 1990 Idem
847 1926 947 2012 igitur
968 1927 1021 1992 M.
1038 1927 1167 2009 Tullius,
1182 1932 1249 2014 qui,
1264 1943 1306 1994 ut

271 2012 405 2099 ubique,
434 2011 530 2077 etiarn
560 2010 594 2074 in
623 2009 686 2074 hoc
715 2031 810 2096 opere
840 2011 977 2076 Platonis
1013 2013 1147 2078 aemulue
1183 2015 1303 2080 extitit.

272 2097 433 2184 Egregius
455 2119 541 2176 vero,
563 2093 739 2180 multoque,
759 2117 856 2182 quam
877 2096 910 2158 in
932 2095 1138 2178 orationibus,
1153 2101 1306 2185 praestana

272 2183 336 2245 tior
361 2183 487 2263 Brutus,
514 2179 636 2246 suffecit
660 2179 790 2265 ponderi
812 2203 939 2244 rerum:
974 2183 1049 2246 scias
1075 2205 1150 2246 eum
1176 2185 1302 2264 sentire,

295 2291 344 2332 uae
373 2267 462 2332 dicit.
507 2264 634 2352 Scripsit
662 2287 726 2328 non
753 2286 863 2350 parum
888 2266 990 2330 multa
1015 2268 1165 2331 Cornelius
1190 2270 1310 2354 Cessitq.

271 2287 463 2438 Scepticosss
483 2353 622 2429 secutus,
639 2371 702 2414 non
727 2350 790 2414 srne
814 2350 905 2416 cultu
928 2373 964 2427 ac
983 2353 1098 2417 nitore.
1143 2351 1303 2418 Plancustl
1319 2335 1363 2406 ¹²4-

162 2493 166 2500 ,
271 2439 306 2504 in
336 2436 452 2502 Stoicis
480 2443 586 2502 rerum
615 2435 801 2522 cognitione
825 2435 925 2500 utilis.
970 2438 1008 2500 In
1034 2438 1197 2524 Epicureis
1226 2439 1307 2514 sevis

272 2509 498 2608 quidem,„sed
522 2542 587 2586 non
611 2519 806 2608 injucundus
830 2534 940 2585 tamen
963 2522 1090 2588 audiori
1116 2526 1159 2588 esi
1187 2525 1303 2588 Catius.

271 2609 322 2672 Ex
343 2607 493 2672 industria
509 2609 647 2673 Senecam
669 2605 702 2669 in
725 2606 813 2670 omni
834 2627 953 2692 genere
974 2607 1165 2694 eloquentiae
1186 2609 1303 2687 distuli,
1396 2639 1401 2652 x

272 2706 402 2780 propter
423 2694 603 2780 vulgatam
611 2689 687 2756 salso
702 2691 743 2755 de
765 2713 818 2754 me
835 2690 1032 2778 opinionem,
1048 2695 1131 2780 qua¹
1155 2670 1358 2760 danrnare=¹²⁵

272 2801 361 2858 cunr,
376 2791 410 2842 et
424 2779 560 2843 invisum
575 2797 706 2862 quoque
720 2775 838 2841 habere
850 2779 918 2841 sum
936 2778 1086 2844 creditus.
1128 2778 1304 2844 Quodne·

273 2863 352 2928 cidit
366 2862 459 2941 mihi,
476 2863 553 2927 dum
571 2876 755 2947 corruptum
770 2875 803 2924 et
824 2862 973 2928 omnibus
996 2864 1080 2929 vitiis
1102 2862 1237 2930 nauum
1251 2865 1300 2928 di-

273 2949 367 3013 cendi
396 2969 501 3036 genus
536 2967 682 3010 revocare
716 2944 755 3008 ad
791 2946 944 3012 severiora
972 2946 1096 3034 judicia
1128 2951 1312 3018 contendo..
1362 2999 1365 3005 -

272 3034 390 3097 Tumm
416 3045 523 3097 autem
549 3030 633 3094 solus
658 3030 713 3095 hic
735 3029 800 3096 fere
822 3032 857 3095 in
881 3032 1030 3095 manibus
1056 3033 1303 3098 adolescentium
1345 3091 1360 3138 6

273 3117 348 3184 suit.
394 3118 502 3184 Quem
517 3137 581 3180 non
603 3115 751 3202 equidem
766 3117 898 3180 omnino
918 3118 1055 3180 conabar
1075 3130 1235 3196 excutere,
1250 3117 1305 3184 sed
1317 3105 1342 3142 ¹²

273 3202 450 3290 potioribus
472 3200 612 3291 praeferri
634 3221 699 3265 non
720 3201 869 3282 sinebam,
887 3223 969 3288 quos
991 3201 1045 3267 ille
1066 3223 1129 3266 non
1142 3201 1305 3270 ,destiterat

307 3424 321 3463 t
338 3424 437 3488 refipisc.
449 3424 479 3472 id.
561 3429 571 3454 ⁶
590 3423 642 3472 leve
653 3423 685 3476 id.
704 3424 759 3473 Vid.
770 3436 814 3474 not.
825 3425 859 3472 ad
871 3439 908 3484 ro,
923 3433 945 3486 t,
960 3435 999 3487 52.
1082 3431 1092 3458 ⁸
1110 3426 1306 3480 laudandaient‘.

274 3487 432 3552 'scripserint
443 3489 473 3536 G.
485 3488 549 3536 Jens.
612 3489 788 3538 tsextiostid.
867 3487 1100 3540 ¹’Plautuslensw
1148 3492 1305 3543 ¹dustortm.

265 3553 354 3604 hid.
419 3553 502 3616 ¹quia
511 3553 544 3601 G.
554 3551 617 3600 Jcns.
683 3559 702 3586 ¹¹¹
722 3551 839 3602 Cumiid.
1307 3559 1309 3566 ’

312 3751 370 3786 121.
389 3749 423 3787 ex
429 3731 535 3802 periculo
543 3733 639 3804 petitis]
659 3734 719 3787 Vid.
733 3735 765 3788 ad
814 3735 886 3789 hodie
910 3737 1022 3808 superest,
1041 3735 1115 3792 facile
1137 3738 1230 3800 vident,
1249 3755 1314 3792 eunt·

275 3822 303 3867 2,
317 3821 359 3865 tr,
374 3821 398 3869 3,
412 3816 435 3856 et
449 3807 516 3866 t,·6,
530 3822 573 3855 rr.
813 3808 949 3876 sceptieum
967 3808 1068 3876 quidem
1085 3808 1107 3860 se
1123 3825 1171 3860 non
1187 3808 1315 3877 profiteri,-

312 3873 627 3944 124.Sccpticossectetus]
647 3872 766 3942 Discipli-
814 3875 933 3946 scepticos
956 3889 1038 3929 tamen
1067 3881 1093 3930 in
1118 3880 1163 3931 hoc
1187 3879 1314 3940 secutum,-

272 3959 319 3997 uas
337 3959 412 4010 prope
432 3959 515 3995 omnes
534 3943 588 3994 stilo
610 3943 776 4014 prosecutum*
815 3948 882 4014 quod
895 3946 1024 3998 sententias
1034 3948 1140 4000 diversae
1157 3962 1307 4000 commemo·

273 4011 318 4064 etse
334 4011 406 4062 docet
416 4010 551 4071 nosterrz,
566 4029 608 4074 rr,
621 4029 665 4075 ²4·
692 4015 766 4082 Opus
814 4027 863 4078 rat,
875 4015 936 4066 nihil
948 4013 1021 4068 facile
1032 4017 1155 4070 adseverat
1166 4019 1215 4068 &c
1318 4075 1323 4084 ¹

272 4083 321 4138 hoc
341 4080 450 4149 sceptici,
484 4099 509 4133 er
527 4097 610 4134 ornnes
628 4093 710 4152 partes
731 4082 766 4134 int
852 4103 912 4149 1²4·
932 4087 1029 4151 Catius]
1051 4086 1107 4148 Ille,
1123 4087 1192 4150 cujus
1205 4085 1307 4155 spee‘ira

249 4213 253 4218 ι
273 4165 368 4211 eornm,
380 4167 442 4270 (ἔτι
454 4099 509 4271 diii
526 4162 697 4273 pptanturint
712 4149 766 4273 ch-
815 4156 905 4275 (uu-iq
916 4156 1032 4224 Epicuri)
1043 4156 1106 4208 ridet
1118 4155 1223 4208 Tullius
1233 4157 1307 4208 Fam.

286 4237 367 4270 uma
403 4237 414 4268 e
443 4236 459 4270 o
489 4237 494 4255 ⁴
547 4238 567 4271 rr
609 4259 615 4272 .
770 4267 773 4272 .
991 4262 998 4277 .

274 4231 445 4362 praefationem
473 4237 764 4362 Opqqpspcquodegsplrug
817 4241 885 4290 κεί
917 4236 943 4276 et
957 4243 987 4293 ¹9
