3026 4930
421 408 591 486 rnsrr'r.
612 415 992 488 centenorum.
1015 445 1045 489 α.
1191 390 1248 508 ¹99

208 585 321 652 delle?
350 589 508 654 Forta'ffe:
534 583 711 656 ffimulet
735 606 825 682 ergo,
849 602 887 656 ut
906 579 1038 656 efficiat.
1065 589 1144 656 'Sed
1164 591 1248 658 nobie

103 671 108 683 Χ
213 673 497 756 (declamatoribus
524 674 610 757 dico)
644 675 720 766 quid
743 679 876 764 proderit
904 677 954 742 boc
980 676 1163 766 intellexisti,
1191 677 1249 764 nist

209 761 401 825 dixerimve?
423 765 467 825 Er
492 771 511 824 o'
534 762 553 824 fi
570 766 643 825 vere
658 774 817 862 ageretur,
833 762 975 828 similiter
988 763 1152 828 consilium
1166 759 1248 836 illud

209 845 314 910 latens
329 783 596 934 prodidiliemus?
621 847 746 914 Ourdsr
770 869 875 936 neque
889 849 937 914 uti
960 871 1001 914 ue
1016 871 1126 914 verum
1140 851 1196 929 est,
1212 855 1247 916 et

210 930 331 997 habere
353 931 429 997 alias
455 933 509 997 hic
533 931 702 998 damnatus
727 871 968 999 contradicendi
993 930 1109 999 centias
1133 935 1269 1022 potest,

211 1018 264 1082 vel
279 1018 365 1104 quod
379 1018 487 1107 legem
502 1018 748 1084 confer-eandem
762 1032 866 1107 putet,
880 1018 931 1084 vel
946 1019 1032 1106 quod
1047 1020 1130 1084 nolit
1147 1027 1246 1086 a'ecu·
1324 1060 1328 1068 ,

210 1101 305 1167 littori
318 1103 437 1169 debere
450 1103 657 1184 beneficium,
672 1103 724 1170 vel
742 1105 840 1192 (quod
855 1127 919 1192 ego
933 1105 1072 1170 maxime
1085 1105 1246 1194 sequerer)

155 1176 202 1258 84
213 1200 251 1252 ut
265 1189 295 1253 se
308 1189 514 1254 innocentem
528 1189 562 1253 in
577 1189 746 1255 tormentis
761 1190 821 1256 effe
876 1190 1002 1255 rtendat
1015 1193 1030 1231 ¹¹
1045 1193 1055 1255 .>
1083 1191 1192 1257 Quare
1206 1213 1248 1256 ne

212 1272 295 1339 illud
318 1275 449 1360 quidem
476 1275 600 1362 semper
619 1276 799 1342 succurret¹
824 1213 874 1341 lide
889 1275 1083 1358 dicentibutt,
1109 1277 1248 1343 Patroci-

212 1361 297 1424 nium·
323 1363 374 1427 boc
396 1361 505 1441 voluit,
528 1363 579 1448 qui
604 1361 827 1448 controversiam
843 1359 957 1450 finxit.
1001 1361 1136 1427 Fortaffe
1161 1363 1249 1428 enim

213 1445 341 1511 noluite
363 1445 416 1512 sed
430 1449 508 1527 esto,
525 1446 688 1513 voluerit²¹¹
705 1472 714 1512 z
738 1447 950 1529 continuone,
964 1447 984 1511 {i
1007 1445 1062 1512 ille
1083 1448 1176 1514 stulte
1189 1471 1246 1532 co-

213 1531 341 1617 gitavit,
370 1534 464 1599 nobis
510 1551 617 1621 uoque
643 1531 736 1598 stulte
757 1533 932 1598 dicendum
958 1535 1033 1598 elli
1057 1535 1104 1598 At
1129 1557 1192 1598 eoo
1215 1535 1249 1600 in

214 1618 358 1682 cauffisa
383 1619 472 1684 endis
486 1555 670 1704 irequentet
683 1633 748 1684 non
762 1631 843 1706 puto
860 1619 1065 1700 intuendum,
1081 1589 1170 1708 quid
1180 1620 1250 1685 liti-

158 1693 201 1776 85
214 1715 309 1790 gotor
323 1641 411 1769 veiit.
456 1705 508 1768 Est
531 1718 564 1768 et
585 1704 640 1769 ille
661 1705 694 1768 in
716 1704 780 1768 hoc
799 1725 917 1791 genere
936 1704 1086 1790 frequens
1101 1727 1196 1787 error,
1212 1717 1252 1772 ut
1333 1748 1336 1758 ι

213 1801 330 1888 putent
350 1789 437 1854 aliud
451 1789 603 1876 quosdam
625 1789 742 1870 dicere,
757 1790 845 1854 aliud
866 1789 968 1854 velle:
992 1791 1153 1878 praecipue
1175 1810 1251 1856 cum

212 1897 248 1936 rn
264 1875 406 1940 themate
421 1877 476 1955 est,
492 1875 644 1962 aliquem,
660 1887 697 1940 ut
719 1875 776 1940 fibi
792 1875 873 1940 mori
894 1876 1001 1956 liceat,
1061 1877 1189 1942 stulare:
1212 1889 1252 1942 ut

213 1959 248 2025 in
276 1960 332 2024 illa
355 1961 575 2037 controverfia‚
596 1961 655 2025 Orci
678 1961 842 2048 aliquando
853 1961 980 2048 fortiter
995 1897 1127 2048 fiderat,
1143 1975 1171 2027 et
1190 1963 1252 2030 olio

181 2055 186 2064 ’“
215 2043 291 2112 bello
306 2047 443 2133 petierat,
458 2059 493 2110 ut
506 2046 755 2110 mititie‘vecaret
776 2068 811 2110 ex
832 2047 908 2133 lege,
924 2049 1003 2134 quod
1021 2049 1250 2136 quinquagena-

127 2203 129 2207 ·
214 2131 279 2194 rius
292 2133 369 2218 ffel,
386 2135 565 2220 adverjirnte
575 2131 649 2219 filio
664 2132 708 2195 ire
721 2133 753 2196 in
767 2132 859 2196 aciem
873 2139 999 2212 coaetus,
1015 2133 1150 2218 deseruit.
1196 2132 1252 2196 Fi-

215 2215 287 2296 liae,
303 2218 357 2304 qui
365 2219 494 2305 fortiter
508 2220 603 2280 eodem
611 2217 719 2306 praetio
729 2217 862 2303 fecerat,
878 2218 1106 2282 incolumitatem
1121 2221 1183 2307 ejus
1197 2235 1250 2306 op-

174 2320 179 2328 ·
217 2315 286 2366 tat.-
308 2303 484 2368 contradicit
499 2315 599 2390 pater.
643 2301 713 2369 Non
734 2304 821 2380 enim,
833 2303 997 2390 inquiunt,
1012 2306 1085 2368 mori
1098 2303 1178 2384 vult,
1191 2304 1254 2394 sed

160 2380 204 2466 86
216 2389 367 2453 invidiam
370 2389 442 2477 filio
446 2389 566 2478 faeere.
610 2387 771 2476 Equidem
786 2388 888 2469 ride0,
902 2388 991 2476 quod
1003 2388 1051 2456 illi
1066 2389 1106 2454 fic
1121 2391 1251 2472 timent,

215 2487 382 2574 tamquam
398 2475 451 2562 ipsr
468 2474 627 2554 morituri,
642 2485 676 2540 et
689 2475 723 2538 in
736 2475 901 2542 confilium
915 2475 987 2539 suos
1008 2485 1115 2540 metus
1133 2475 1253 2558 ferunt,

216 2561 311 2625 obtin
325 2573 376 2625 tot
389 2561 610 2648 exemplorum
629 2560 714 2626 circa
734 2560 944 2625 voluntariam
967 2563 1118 2639 mortem,
1132 2559 1252 2625 caulla-

217 2669 288 2711 rum
314 2668 455 2734 quoque,
470 2669 551 2732 quas
573 2646 695 2711 habet¹²
719 2643 824 2712 faetus
848 2667 889 2709 ex
911 2645 979 2709 viro
1002 2644 1077 2710 forti
1103 2644 1252 2711 desertor.

162 2723 202 2809 87
218 2731 283 2796 Sed
301 2731 364 2797 de⁰
387 2754 452 2798 una
473 2732 687 2798 controversia
699 2729 816 2818 loqui?
835 2727 869 2793 su
891 2743 1062 2814 ,r'vacuum
1081 2731 1135 2796 est'.
1179 2733 1253 2818 Ego

217 2817 251 2892 in
268 2818 446 2884 universum
461 2839 567 2906 neque
587 2815 723 2882 oratoris
743 2828 823 2903 puto
844 2837 863 2882 e
885 2816 904 2879 'e
925 2839 1081 2904 umquam
1103 2819 1252 2904 praevari.

216 2903 293 2984 cari,
308 2925 413 2990 neque
426 2902 528 2969 litem
541 2901 701 2989 intelligo,
715 2901 749 2966 in
768 2923 833 2989 qua
845 2923 916 2996 pars
938 2916 1073 2990 utraque
1094 2902 1181 2968 idem
1196 2924 1252 2968 ve·

211 3090 216 3100 ῖ
249 3095 263 3150 i
279 3097 320 3163 Sic
332 3093 396 3163 lens.
408 3123 430 3160 et
440 3087 609 3182 optimiquique
620 3121 658 3174 ap.
669 3111 727 3161 Bur.
738 3111 871 3173 praetendat
881 3113 924 3163 rel.
1038 3107 1046 3146 ¹
1068 3091 1213 3166 succurreret
1223 3114 1256 3165 G.

217 3183 236 3210 m
252 3179 433 3292 ’nodlueritlent
513 3183 526 3208 ἢ
544 3177 778 3240 habentJens.sorre
788 3177 884 3228 habear.
981 3184 992 3210 ⁰
1011 3196 1054 3228 om.
1066 3180 1097 3228 id.
1172 3219 1174 3226 ,
1193 3179 1232 3226 ts
1245 3207 1255 3218 -

216 3261 302 3308 quir.

228 3441 231 3448 ’
256 3409 300 3490 ὃςζ
322 3421 469 3492 pertendat]
496 3421 581 3472 Verbo
598 3419 712 3491 paullum
760 3419 900 3475 erhaerten.
925 3421 1016 3474 Rarior
1027 3421 1101 3490 hujus
1114 3421 1182 3474 verbi
1195 3422 1254 3474 usne
1358 3433 1366 3476 t

218 3495 317 3556 rariori,
327 3494 366 3544 sed
383 3493 485 3564 optimae
502 3503 587 3543 tamen
605 3503 671 3558 notae
687 3501 712 3542 et
761 3491 824 3543 illud
835 3493 910 3544 etiam
922 3492 978 3546 loeo
986 3506 1096 3544 moverat
1108 3493 1172 3544 Ter.
1183 3491 1253 3545 Eun.
1322 3489 1330 3537 ἶ
1400 3509 1417 3553 ,·

183 3620 186 3628 ,
219 3563 250 3614 ad
268 3564 333 3616 hunc
351 3563 434 3620 locum
451 3559 583 3631 aptitiimo,
596 3559 714 3630 praetule·
763 3579 789 3622 1,
815 3579 840 3621 r,
864 3565 891 3622 6,
915 3562 961 3614 ubi
984 3579 1014 3612 ex
1038 3562 1123 3614 Gloffa
1142 3561 1254 3630 perficies
1400 3571 1409 3587 ⁰

219 3643 278 3685 runt
297 3634 400 3704 quidam
417 3635 503 3686 notius
515 3629 569 3691 fibi,
580 3643 604 3682 et
621 3629 713 3682 barba·
760 3630 938 3687 substitutum„
967 3631 1014 3682 Sed
1036 3631 1099 3683 teile
1127 3649 1140 3682 e
1163 3631 1253 3686 Bembi

219 3705 305 3756 rorum
324 3703 370 3755 usu
389 3699 584 3770 frequentatum,
603 3698 643 3754 sod
664 3701 712 3751 mi·
761 3701 912 3754 membranis
930 3710 956 3752 et
978 3703 1103 3760 veteribus
1126 3717 1254 3772 gramma-

219 3775 287 3826 nime
312 3771 361 3824 hue
390 3771 547 3824 conveniens.
583 3769 713 3821 Nimirum
761 3770 820 3821 ticis
838 3770 946 3840 reposuit
964 3769 1107 3833 Beothius,
1128 3771 1256 3837 Verumss

215 3843 371 3913 praetendere
390 3842 457 3894 idem
476 3841 509 3892 est
528 3839 641 3892 barbaris
655 3841 713 3903 (ttb-
761 3838 869 3908 incipies,
880 3845 957 3907 ‘neque
963 3841 1092 3908 pertendes
1102 3838 1217 3892 naviter.

220 3911 264 3968 e'ti'e
281 3911 455 3968 contumeliam
467 3909 526 3962 huic
544 3909 621 3961 verbo
632 3919 657 3960 et
668 3927 713 3960 no·
799 3913 842 3961 86.
854 3909 1163 3979 cauffizrum-quashabet
1173 3910 1254 3980 deser·

220 3996 276 4034 tum
287 3981 329 4044 est,
341 3995 366 4038 et
384 3987 433 4051 ego¹
446 3981 547 4050 quidem
558 3973 627 4044 volo)
663 3979 713 4031 uod
761 3979 812 4044 tor]
831 3981 864 4031 Ε.
876 3998 903 4049 g.
916 3997 966 4032 non
976 3980 1031 4031 vult
1042 3979 1195 4048 supervivere
1207 3999 1258 4049 pu.

220 4053 367 4115 adseverare,
385 4069 430 4122 pro
446 4054 502 4116 jure
524 4050 568 4100 suo
582 3997 713 4118 postuiare,
730 4071 731 4076 ¹
761 4044 816 4100 dori
828 4047 871 4100 suo
882 4061 907 4102 et
924 4049 1084 4120 igrrominiaet
1103 4049 1159 4100 vult
1176 4049 1253 4110 osten-
1277 4053 1281 4058 '

221 4114 374 4174 contendere.
406 4121 451 4172 Sed
466 4120 507 4172 hic
518 4135 582 4190 opus
594 4119 626 4187 est
638 4119 714 4170 verbo
762 4117 819 4170 dere
838 4119 861 4169 se
879 4135 928 4170 non
947 4130 1052 4170 mortem
1073 4117 1171 4189 fugisse,
1194 4137 1260 4172 cum·

219 4193 408 4252 vehementiore,
427 4191 494 4259 qood
512 4189 714 4260 perseverantiam
762 4187 829 4256 signa
846 4189 972 4250 desereret,
989 4187 1027 4240 sed
1046 4191 1149 4258 ingrata
1166 4190 1255 4262 patriae

219 4274 245 4312 et
256 4261 438 4314 contentionem
453 4260 484 4310 ad
496 4259 568 4310 finem
583 4257 715 4309 durantem
763 4273 862 4327 operam
874 4275 963 4310 tranare
976 4256 1085 4320 nonullo,
1099 4259 1169 4311 &o-
1218 4257 1221 4264 ’
1264 4293 1269 4302 ·

220 4343 298 4394 notet,
318 4342 347 4382 ut
366 4330 486 4390 nostrum,
504 4329 559 4396 auf
572 4328 617 4384 der
635 4337 716 4380 tortur

773 4413 830 4462 tet
