2942 4928
420 357 589 422 rusrrr.
610 355 820 422 onn‘rou.
841 358 926 420 ma.
946 359 1000 423 rx.
1023 378 1051 422 α.
1214 359 1251 439 ⁸7

215 519 376 588 deducere
397 522 475 588 deos
496 523 528 588 in
553 522 617 590 hoc
631 547 750 612 genere
764 523 904 605 dicendi,
921 537 955 592 et
967 524 1086 590 inferos
1100 522 1254 606 excitare,

215 609 396 674 concellum
412 612 466 674 etl.
498 612 610 676 'Urbes
623 611 722 675 etiam
737 609 912 699 populique
927 633 1037 676 vocem
1048 621 1062 650 ²
1077 610 1252 696 accipiunt.

184 771 188 775 .
215 693 269 759 Ac
284 695 356 760 sunt
370 695 513 782 quidam,
530 696 586 783 qui
607 697 664 760 has
680 696 810 760 demum
835 693 1058 780 apoaurronnlaf
1081 696 1201 776 dicant,
1218 696 1252 761 in

216 777 335 864 quibus
360 795 393 845 et
413 803 545 868 corpora
567 795 601 846 et
622 782 719 847 verba
739 780 903 868 fingimus.
947 782 1119 846 Sermones
1142 781 1251 845 homi·
1294 791 1297 798 ⁴

216 885 295 929 num
318 865 535 931 affimulatos·
555 866 662 931 dicere
685 868 820 947 lranlyaf
841 866 1098 952 malunt‚·quam
1111 869 1137 947 ¹2,
1164 865 1252 954 quod

153 979 202 1048 32
220 950 406 1017 Latinorum
429 952 559 1039 quidum
582 952 744 1028 dixerunt,
755 951 1040 1040 sermocinationem.
1085 953 1171 1040 Ego,
1181 953 1252 1038 jam

217 1049 346 1124 recepto
368 1059 470 1115 more,
490 1052 667 1126 utrumque
691 1035 805 1102 eodem
832 1037 930 1102 modo
953 1037 1118 1124 appellavi.
1163 1041 1252 1102 Nam

216 1135 303 1185 certe
316 1123 418 1186 sermo
432 1123 514 1209 fingi
535 1145 600 1186 non
615 1123 726 1210 potest,
742 1136 859 1187 utnon
874 1123 1012 1209 personae
1034 1125 1135 1188 sermo
1148 1123 1252 1212 finga-

216 1217 281 1270 tur.
327 1208 391 1272 Sed
414 1209 447 1272 in
468 1209 532 1288 his,¹
570 1231 620 1272 uae
644 1223 756 1272 natura
779 1229 843 1272 non
869 1207 1039 1294 permittit,
1063 1209 1126 1274 hoc
1153 1209 1252 1274 rnodo

216 1292 345 1358 mollior
360 1293 428 1358 fitfi
455 1317 532 1358 ura:
590 1294 679 1357 tanim
690 1293 725 1378 Ji
746 1317 856 1358 mecum
875 1295 992 1382 patria,
1008 1319 1077 1382 quae
1097 1295 1169 1358 mihi
1184 1297 1253 1359 vita

215 1401 282 1442 mea
294 1379 385 1443 multo
400 1317 559 1466 assentior,
572 1379 607 1465 ſs
619 1387 723 1443 masta
745 1379 854 1456 Italia,
866 1381 900 1464 st
919 1379 1011 1444 omnis
1029 1379 1193 1478 respublica
1203 1382 1253 1466 stc

215 1461 365 1550 loquatur,
391 1465 444 1530 M.
477 1464 571 1543 Tulli,
596 1465 670 1552 quid
696 1465 793 1552 agis?
828 1464 915 1529 lllud
943 1465 1096 1528 audacrus
1123 1486 1250 1552 genuae

218 1548 319 1633 Quae‘
342 1564 446 1630 tecum,
466 1551 614 1628 Catilina,
626 1547 675 1636 ſsa
689 1551 755 1637 agit
767 1553 792 1628 d,
810 1561 838 1614 et
858 1551 1068 1648 pausantmodu
1091 1551 1184 1614 tacita
1206 1549 1220 1612 l
1237 1589 1252 1607 ·

215 1636 330 1720 quitur,
346 1636 476 1701 Nullum
486 1639 558 1724 jara
579 1636 694 1723 aliquot
708 1635 928 1721 unnisfactnus
943 1634 1060 1722 exstitit,
1078 1635 1135 1722 nisi
1144 1650 1198 1722 per
1212 1650 1254 1704 te.

153 1749 200 1816 33
217 1720 398 1786 Commode
424 1723 521 1788 etiarn
545 1735 621 1786 aut‘
646 1721 739 1785 nobis
763 1722 886 1821 aliquas
909 1735 984 1786 ante
998 1720 1110 1786 oculos
1125 1723 1250 1788 essere·

215 1813 286 1870 ru'm
301 1809 544 1894 personarumve
556 1807 567 1846 f
581 1805 736 1894 imagines
752 1807 916 1895 fingimus,
932 1819 988 1871 aut
1008 1806 1120 1872 eadem
1138 1809 1251 1873 adver·

213 1889 301 1956 fariis
314 1909 370 1957 aut
385 1893 578 1991 judicibusss
601 1915 666 1956 non
690 1892 832 1956 accidere
848 1893 1019 1956 miramur:
1043 1891 1152 1980 qualia
1164 1893 1250 1974 sunt,

219 1975 344 2042 Vadatur
358 1979 441 2057 mihi,
457 1995 502 2058 et,
519 1979 624 2043 Noenu
637 1977 759 2042 videtur
777 1978 863 2042 tibi?
885 1977 949 2042 Sed
965 2001 1082 2066 magna
1101 1979 1252 2065 quaedam

213 2062 263 2126 vis
277 2063 470 2150 eloquentiae
484 2065 685 2130 desideratur.
731 2063 818 2129 Falsa
830 2063 918 2128 enim
934 2077 968 2128 et
982 2064 1182 2128 incredibilia
1196 2087 1253 2130 na-

214 2157 286 2211 tura
315 2151 435 2215 necelle
463 2152 506 2216 est
534 2163 591 2215 aut
620 2148 725 2236 magis
751 2161 902 2214 moveant
913 2150 939 2228 ¹¹,
964 2149 1040 2236 quia
1063 2150 1153 2236 supra
1177 2171 1254 2217 veru.

156 2231 304 2331 34sunt:
328 2250 385 2300 aut
399 2257 457 2322 pro
470 2235 560 2300 vanis
574 2233 781 2321 accipiantur,
797 2234 873 2322 quia
893 2256 967 2300 vera
988 2257 1051 2299 non
1073 2235 1158 2300 sunt.
1204 2237 1253 2302 Ut

214 2317 300 2384 diua
325 2335 433 2386 autem
464 2322 625 2410 quaedam,
649 2321 695 2385 ita
722 2319 838 2418 scripta
862 2342 992 2406 quoque
1021 2319 1101 2408 fingi
1128 2318 1249 2386 solent:

215 2405 304 2491 quod
328 2406 404 2471 facit
427 2408 554 2472 Afinius
580 2427 637 2493 pro
665 2405 830 2487 Liburnia,
853 2405 962 2470 Mater
985 2431 1062 2487 mea,
1084 2407 1253 2492 quae'ntihi

151 2531 156 2535 ’
202 2504 278 2554 'turn
292 2491 456 2576 cariffima,
467 2506 528 2558 tunt
542 2490 707 2578 dulcifflma
717 2491 800 2577 fuit,
818 2516 942 2579 quaque
956 2492 1030 2554 mihi
1043 2491 1135 2572 uixit,
1153 2491 1253 2580 bisque

215 2578 316 2640 eadem
340 2579 389 2641 die
409 2579 500 2644 mihi¹
524 2579 622 2643 vitam
647 2578 741 2654 dedit,
763 2589 797 2640 et
822 2575 964 2662 reliqua:
989 2575 1116 2654 deinde,
1134 2577 1253 2642 exheres

216 2660 281 2745 esta.
325 2665 409 2727 Haec
431 2688 506 2729 cum
531 2685 587 2751 per
610 2663 641 2728 se
665 2662 768 2750 ligura
788 2661 844 2740 est,
859 2673 929 2726 turn
951 2660 1144 2746 duplicatur,
1165 2683 1250 2748 quo·
1300 2673 1303 2682 '

214 2745 287 2827 ties,
305 2748 382 2813 ficut
397 2749 430 2813 iu
446 2751 507 2814 hac
526 2747 638 2828 caussa,
654 2747 693 2811 ad
709 2744 923 2810 imitationem
944 2745 1073 2811 alterius
1089 2746 1251 2833 scripturae

157 2863 201 2934 35
216 2834 429 2920 componitur.
473 2837 561 2899 Nam
591 2848 702 2899 contra
728 2831 922 2896 recitabatur
949 2831 1184 2910 testamentum,
1210 2834 1250 2899 P.

216 2917 377 2983 Novanius
407 2919 524 3000 Gallio,
539 2920 587 2986 cui
611 2944 664 3006 ego
689 2917 787 2982 omnia
813 2915 986 3003 meritiffirna
1011 2917 1080 2982 vala
1105 2929 1133 2980 et
1152 2917 1250 2999 delta,
1323 2941 1326 2946 “

212 3017 267 3090 pro
283 3006 344 3106 eius
357 3007 451 3070 arcini
465 3007 497 3070 in
512 3029 557 3070 rne
567 3007 689 3094 summa
708 3003 873 3082 voluntate,
889 3017 923 3067 et
944 3001 1077 3090 adjestis
1098 3003 1252 3091 deinceps

214 3086 297 3170 aliis,
319 3092 401 3154 heres
422 3091 485 3177 esto.
532 3091 651 3177 Incipit
672 3087 733 3154 elle
755 3086 995 3175 quodammodo
1017 3087 1147 3172 ωαρῳδὴ,
1162 3089 1252 3174 quod
1359 3163 1366 3174 ¹

214 3195 332 3240 nomeu
348 3175 518 3242 dubiuma
539 3176 671 3242 canticis
694 3172 745 3254 ad,
757 3173 890 3238 aliorum
916 3171 1154 3238 similitudinem
1177 3193 1250 3238 moa

214 3258 344 3340 dulatis,
361 3263 485 3326 abusive
499 3261 596 3327 etiarn
613 3263 644 3325 in
662 3258 897 3324 versificationis
910 3281 948 3324 ac
969 3259 1152 3324 sermonum
1172 3257 1249 3323 imi-

157 3367 202 3452 3⁶
215 3345 337 3411 tatione
359 3347 510 3414 t'ervatur.
554 3348 618 3412 Sed
642 3346 760 3410 formas
782 3367 912 3434 quoque
934 3343 1087 3432 fingimus
1105 3343 1196 3431 saepe,
1212 3357 1251 3411 ut

247 3539 347 3585 ²voces
358 3537 389 3587 G.
400 3537 464 3586 lens.
551 3537 793 3586 *affimilatoslens
889 3533 962 3583 born.
974 3534 1005 3583 id.
1103 3535 1249 3597 ‘quiunt
1345 3595 1353 3602 ἱ

214 3599 225 3630 ⁶
245 3601 277 3647 air
290 3603 319 3650 G.
387 3609 396 3632 ²
416 3604 480 3665 apud
492 3617 535 3651 nos
546 3605 610 3652 Jens.
687 3603 696 3632 f
714 3603 879 3664 personarum,
890 3615 981 3649 vocum
993 3601 1036 3649 im.
1048 3599 1080 3649 G.
1157 3608 1168 3637 ¹
1183 3601 1250 3660 judi·

214 3663 301 3714 ctos.
366 3667 567 3717 *moveattent
633 3665 820 3719 ¹0m.G.lens.

253 3869 295 3916 3¹·
322 3833 467 3906 Latinarum
484 3853 596 3924 midam]
623 3855 657 3905 V.
696 3890 704 3906 .
754 3849 1164 3972 comrnodata,autattiopuaedant
1176 3849 1226 3904 &e

215 3920 317 3974 Auslor
334 3923 365 3974 ad
383 3926 445 3976 Her.
464 3939 492 3987 4,
509 3942 542 3987 43
562 3935 587 3974 et
606 3942 648 3990 5²·
668 3871 705 3992 ἑ.
793 3941 835 3987 32.
849 3919 945 3974 Etenim
948 3919 985 3988 st]
999 3921 1077 3972 Cati.
1094 3937 1171 3980 r,rr.
1185 3925 1249 3992 Qae

216 3990 286 4042 Idem
297 3992 508 4062 confirmationem
524 3993 597 4052 dicit,
609 4011 662 4044 curn
676 4009 706 4045 a·
754 4003 832 4046 tecum
845 3989 923 4042 Catil.
938 4008 963 4048 1,
976 4009 1002 4052 7.

214 4059 293 4138 liqna,
304 4079 357 4130 quae
369 4081 414 4118 non
426 4063 500 4132 adesi,
507 4065 608 4132 perfirna
619 4063 707 4130 confia-
721 4085 722 4090 ¹
791 4078 837 4126 34.
855 4059 935 4130 bisque
944 4059 1029 4111 eadem
1040 4059 1080 4110 die
1090 4057 1150 4112 milri
1162 4057 1248 4112 vitam

212 4138 365 4196 gitur-aut
378 4149 433 4184 cum
444 4143 564 4184 restaura
575 4131 707 4197 autinfor-
754 4129 834 4195 dedit]
859 4129 992 4202 Qomodo
1008 4128 1069 4182 bis?
1087 4146 1119 4182 an
1136 4128 1205 4199 quod
1217 4127 1254 4182 li-'

137 4237 147 4260 ,
218 4197 264 4249 mis
277 4199 313 4268 fit
331 4201 440 4271 eloquens
458 4211 483 4253 et
496 4202 624 4269 firmata,
643 4211 668 4253 et
686 4198 710 4254 ei
756 4200 845 4253 berum
856 4200 951 4272 peperit
962 4197 1000 4251 vel
1015 4199 1144 4252 nobilem?

218 4269 297 4323 aratia
315 4270 434 4324 tribuitur
450 4271 486 4322 ad
503 4271 647 4340 dignitatern
665 4287 708 4324 ac·

771 4357 832 4420 <³4
