3008 4914
394 371 563 433 rusum.
584 370 792 432 oneror.
814 371 898 430 mu.
918 371 989 470 rur.
1013 391 1058 432 ιο.
1126 333 1133 338 ’
1177 389 1238 450 349

202 550 264 624 pur
284 547 390 599 uratu‘
402 535 524 622 placet:
546 548 580 600 at
590 535 626 622 ſs
643 535 798 600 contuleris
810 535 898 600 etiam
918 534 1046 600 lacernee
1057 533 1078 611 f,
1093 536 1240 622 conspetiu

152 621 194 703 76
263 620 331 684 ioris
352 620 507 701 obruatur,
530 633 567 686 ut
589 621 725 685 Ovidius
749 621 805 685 ait.
826 635 829 642 '
851 621 884 684 Si
908 642 981 684 vero
1005 619 1164 706 judicium
1188 619 1241 684 hia

206 705 363 791 corruptis
376 706 480 770 acrius
494 705 657 785 adhibete,
673 717 710 770 ut
730 704 901 770 bucciniess
921 727 1103 792 purpuram,
1113 727 1180 790 Jam
1197 706 1239 770 il-

205 789 263 854 lud
288 789 403 877 quodl
428 789 593 870 fefellerat,
615 803 711 856 exuat
732 791 904 856 mentitum
928 791 1084 867 colorem,
1101 803 1134 852 et
1182 814 1240 854 ua-

205 875 280 940 dem
294 875 348 940 vix
362 876 528 940 enarrabili
543 875 860 962 foeditate-'pallescat
906 877 1028 940 Luceat
1046 874 1146 962 igitur
1160 814 1239 940 luteo

206 961 286 1025 eitru
299 961 410 1039 solent,
427 961 498 1024 lua
514 961 660 1046 quaedam
681 960 801 1046 exigua
813 959 962 1024 animalia
976 960 1111 1045 igniculi
1127 960 1238 1024 viden-

153 1065 191 1130 77
208 1060 261 1110 tur
272 1046 304 1110 in
330 1045 481 1110 tenebris.
524 1047 675 1131 Denique
691 1045 775 1108 mala
790 1045 884 1109 multi
901 1045 1047 1130 probant,
1064 1065 1160 1108 neruo
1175 1045 1238 1110 im-

206 1133 321 1216 probat
338 1132 437 1194 bona.
480 1133 599 1218 Neque
620 1151 694 1194 vero
715 1129 824 1194 omnia
845 1131 910 1208 isia,
932 1130 972 1192 de
995 1127 1112 1227 qulbus
1136 1129 1239 1198 locuti

206 1218 326 1293 sumus,
342 1230 449 1278 orator
469 1218 590 1301 optime
611 1227 748 1292 tantum,
763 1213 815 1278 sed
837 1215 933 1279 etiam
957 1212 1108 1277 facillime
1130 1213 1239 1281 saciet.

164 1311 166 1316 '
206 1301 325 1386 Neque
336 1300 425 1364 euim
441 1301 487 1364 vie
502 1302 624 1364 summa
639 1300 767 1364 dicendi
782 1300 851 1364 ,stt
872 1296 1080 1362 admiratione
1094 1298 1202 1386 digna,
1218 1301 1240 1366 st

208 1385 319 1450 infelix
332 1386 484 1472 usquead
502 1385 653 1450 ultimum
669 1385 837 1450 solicitudo
852 1384 1059 1472 persequitur,
1076 1405 1113 1447 ac
1133 1397 1240 1448 orato-

207 1493 275 1534 rem
292 1484 430 1535 macerat
442 1483 477 1536 et
490 1471 613 1558 coquit,
628 1493 713 1557 aegre
735 1471 830 1535 verba
848 1479 1036 1548 vertentem,
1051 1480 1084 1532 et
1104 1490 1240 1567 perpen-

154 1558 194 1642 78
208 1555 321 1628 dendis
337 1555 659 1642 coagmentandisque
672 1555 719 1620 eis
740 1554 1001 1618 intabescentem.
1045 1553 1178 1618 Nitrdus
1199 1555 1241 1618 il-

208 1641 251 1720 le,
266 1655 298 1705 et
313 1641 469 1718 sublimia,
484 1654 518 1705 et
531 1640 685 1726 locuples,
700 1639 997 1703 circumfluentibus
1013 1638 1157 1726 undique
1171 1640 1241 1704 elo-

208 1727 350 1812 quentite
364 1727 467 1813 copiis
483 1727 628 1812 imperat.
672 1724 794 1788 Definit
807 1725 893 1788 enim
909 1723 941 1787 in
956 1723 1082 1786 adversa
1097 1724 1168 1804 niti,
1185 1726 1242 1812 qui

208 1811 353 1896 pervenit
374 1811 408 1874 itt
433 1811 605 1874 summurn.
649 1809 821 1874 Scandenti
842 1810 927 1873 cirea
952 1809 1018 1872 ima
1039 1809 1130 1874 labor
1152 1811 1195 1874 est
1208 1812 1240 1876 ¹2

209 1908 351 1960 ceterum
365 1907 522 1980 quantum
540 1895 729 1981 processeris,
745 1894 909 1959 mollietur
930 1893 1060 1958 clivus⁰¹
1083 1907 1117 1958 et
1136 1894 1242 1962 letius

437 2013 439 2021 r
491 1997 501 2022 Ο

242 2107 253 2132 ·
265 2116 387 2165 purpurae
399 2101 429 2148 G.
441 2100 504 2148 Jens.
518 2097 573 2150 Obr.
646 2095 795 2162 ‘taceret
806 2099 915 2146 Lacaenae
925 2097 980 2144 lr'ber
993 2095 1081 2144 Valla.-
1098 2097 1242 2164 quodprobae

211 2163 321 2214 Gessaeur.
337 2166 387 2216 vid.
400 2176 444 2213 not.
510 2173 520 2202 ¹
539 2163 642 2212 succinis
652 2164 739 2212 sulfura
749 2164 812 2212 lens.
823 2173 844 2209 er
854 2163 886 2212 al.
898 2173 935 2224 ap.
947 2165 1026 2209 Burni.
1041 2163 1139 2210 baccini
1152 2177 1241 2224 purpu.

210 2247 262 2280 ram
275 2232 430 2292 Ferrermerj.
447 2229 554 2278 videon
621 2230 699 2290 hquo
711 2229 743 2276 G.
808 2227 856 2275 iet
867 2227 907 2290 irfi
920 2228 949 2274 G.
962 2227 1025 2273 lens.
1102 2225 1242 2276 ¹‘essetr'r'l.

212 2295 223 2326 ¹
236 2292 341 2344 laboret:
359 2305 405 2344 cet.
416 2295 479 2343 Jens.
546 2303 564 2331 nr
581 2293 616 2341 Sic
627 2294 746 2360 arefirrstmr
758 2293 879 2359 rescribere.
896 2293 961 2340 dives
972 2307 1027 2339 oen.
1331 2283 1337 2294 ‘

204 2441 209 2474 ⁷
247 2462 289 2524 76.
305 2468 332 2510 ut
343 2457 447 2510 buccinis
454 2457 606 2526 purpuram]
626 2457 652 2508 Si
664 2457 700 2510 ita
749 2455 792 2508 liic
819 2453 902 2514 veltet,
925 2453 1037 2524 ignarus,
1061 2455 1182 2523 cogitaret
1209 2453 1242 2506 de

208 2528 279 2580 dedit
289 2529 394 2587 Fabius,
405 2527 480 2580 fuerit
497 2526 627 2580 Buccinum
640 2543 699 2578 con·
750 2535 849 2576 externa
861 2523 968 2592 quadarn
977 2522 1071 2594 fieccini
1082 2535 1106 2575 et
1114 2522 1242 2592 fitsphurie

207 2598 258 2648 elta
275 2607 302 2650 et
325 2597 394 2650 color
411 2613 522 2666 purpura
539 2594 655 2656 deterior,
674 2605 700 2646 et
751 2593 919 2654 similitudine,
931 2610 988 2660 quae
1004 2592 1087 2646 fallere
1100 2610 1148 2644 non
1161 2591 1243 2662 possit,

209 2665 293 2720 favere
312 2666 410 2718 videtur
428 2666 495 2718 Plin.
517 2685 545 2731 9,
558 2669 599 2728 38,
615 2664 635 2715 s.
655 2667 699 2723 62,
751 2662 768 2714 fi
788 2662 848 2731 quia
868 2673 1002 2730 utrumque
1023 2674 1158 2731 comparet.
1195 2663 1243 2716 Au

210 2734 341 2788 Bucciuum
347 2737 428 2804 perse
437 2736 580 2797 damnatur,
589 2732 701 2802 quereum
751 2731 885 2798 mangonio
907 2732 1015 2798 quodam
1043 2730 1107 2786 'effici
1132 2733 1242 2802 potuerit

203 2805 293 2870 sucum
315 2803 426 2856 remittit.
463 2803 508 2855 Sed
534 2803 622 2854 deiude
643 2820 701 2854 cum
751 2801 846 2869 aliquid
859 2800 957 2852 succino
968 2799 1053 2861 limile,
1065 2801 1140 2868 idque
1156 2801 1243 2852 admo-

211 2875 292 2955 pretia
311 2873 414 2934 indicat,
430 2890 477 2926 nou
493 2883 577 2926 tamen
591 2873 700 2942 usquam,
749 2881 778 2921 to
794 2869 918 2939 tirlplruris
935 2866 1006 2920 sumo
1021 2870 1179 2941 deprehendi,
1195 2870 1241 2922 do-

210 2943 306 3012 rnquit,
320 2942 413 3011 pelagii
429 2943 489 3013 (hoc
507 2939 610 2994 alterum
622 2959 701 3010 genua
750 2942 845 2992 cuerint
858 2937 920 2990 sorte
932 2939 1060 3008 Chymici.

211 3014 342 3082 purpurae)
359 3022 471 3066 emenus
487 3011 566 3066 libras
581 3011 703 3082 quinqua-
786 3027 830 3073 77.
854 3007 944 3076 infelix
957 3007 1097 3079 spissitudo]
1122 3009 1183 3062 Vid.
1208 3010 1240 3062 ad

206 3099 283 3150 genos
298 3099 406 3136 nummos
422 3083 547 3141 excedere,
566 3090 591 3132 et
609 3079 702 3134 baccini
752 3097 908 3144 ro,1,115.

211 3161 329 3216 centenos,
337 3149 421 3222 sciant
436 3153 484 3204 &e
515 3151 606 3218 Itaque
623 3147 702 3200 bucci-
787 3153 830 3212 78.
849 3147 968 3200 mollietur
984 3146 1079 3212 clivus]
1107 3149 1148 3200 Ita
1166 3149 1241 3202 ausos

210 3239 270 3274 num
286 3220 489 3292 pretiosissimum,
501 3221 571 3284 cujus
589 3217 652 3272 illud
663 3221 701 3272 vi·
750 3215 803 3270 sum
815 3215 953 3279 rescribere,
965 3234 1013 3268 nou
1031 3217 1156 3270 Harduini
1169 3222 1242 3287 equi-

213 3292 289 3352 tium,
311 3292 380 3360 quod-
392 3291 481 3358 jurem
502 3289 606 3344 remittit
627 3302 703 3358 atque
748 3288 806 3340 dem
818 3287 912 3338 secutus
929 3287 1109 3350 austeritatem,
1120 3290 1162 3338 cui
1175 3290 1242 3341 idem

211 3361 274 3412 adeo
296 3360 403 3429 pallescit
426 3360 509 3418 facile,
547 3357 653 3412 uomodo
676 3377 702 3410 e-
749 3356 828 3408 videri
844 3357 1006 3426 deprehendo,
1017 3357 1078 3407 dum
1094 3357 1241 3428 Virgilianae

211 3430 351 3491 mentietur,
363 3431 427 3482 idem
443 3430 520 3482 tradit
559 3427 702 3490 linius,Pe-
751 3425 891 3478 audloritari
911 3426 986 3478 mollis
1004 3425 1067 3477 clivi
1087 3425 1144 3478 Ecl.
1167 3447 1192 3493 9,
1213 3433 1240 3490 8,

198 3498 277 3567 degio
296 3500 424 3552 admodum
442 3498 560 3567 allegatur
579 3499 650 3566 (cum
673 3515 702 3550 eo
750 3496 885 3548 adscribere
904 3497 945 3546 lric
963 3495 1019 3548 volo
1038 3495 1158 3556 Plinium,
1171 3497 1242 3560 cujus

202 3569 325 3640 ¹coalescit
342 3579 364 3621 et
384 3567 506 3634 inolescit)
517 3565 703 3636 nimiequeejur
751 3566 896 3617 recordabar
905 3565 997 3616 mollem
1008 3564 1102 3625 clivum
1119 3565 1242 3620 aChersr-

212 3635 701 3760 :tsifflt“salutasset
750 3635 843 3767 'limi‘
856 3632 1241 3772 {sigliisl‘sosissimseii

214 3789 255 3829 tur
271 3726 445 3848 piobaidaqet
463 3740 602 3840 camellum
616 3722 702 3826 Fersa-
750 3741 865 3824 hic'rrihtl
876 3773 907 3822 ad
919 3791 969 3824 rem
981 3771 1051 3832 fucit,
1064 3774 1108 3824 ubi
1117 3773 1241 3840 scanden-

213 3848 255 3908 rii,
267 3848 311 3916 qui
330 3847 347 3898 l.
360 3865 384 3898 c.
405 3844 535 3916 legendum
552 3855 624 3914 putat
645 3844 700 3892 buc·
750 3842 868 3906 durarit,
887 3841 952 3910 quod
970 3841 1044 3892 dives
1063 3857 1093 3892 ac
1109 3841 1188 3893 letius
1200 3843 1245 3912 so

213 3909 413 3986 cieiputpururu.
436 3913 534 3967 Bucciui
544 3931 631 3982 nempe
638 3919 701 3980 pur·
749 3910 799 3962 lum
817 3929 881 3980 opus
898 3929 947 3962 non
964 3911 1039 3962 habet
1056 3921 1084 3961 ut
1098 3909 1240 3978 molliatur,

209 3985 278 4051 pura
316 3985 489 4040 raestamissrma
510 3981 528 4036 st
555 3981 702 4034 adhibeatur
730 3981 819 4050 -quod
829 3980 911 4033 statim
921 3980 997 4032 lenius
1006 3978 1096 4049 stepina
1107 3979 1191 4032 eodem
1204 3984 1243 4034 in-

210 4054 277 4108 luuie
287 4005 337 4108 uilo
345 4054 406 4121 fuce
422 4053 516 4116 tiuelae,
527 4053 596 4106 exuit
612 4055 703 4104 menti·
751 4050 850 4104 telletiu
885 4048 1064 4120 appellantur,-
1083 4050 1151 4117 (vid.
1188 4065 1243 4102 not.

214 4125 385 4179 tumculoretu
397 4125 446 4178 &c
476 4123 566 4182 Altera
581 4121 663 4181 tectio,
676 4130 703 4172 ut
739 4121 839 4190 prox.)
864 4121 931 4188 quod
954 4119 1031 4172 clives
1053 4115 1116 4170 forte
1139 4121 1243 4188 antiqua

206 4192 311 4261 flaccinis
322 4194 427 4262 sufferre
444 4195 477 4250 ab
496 4192 581 4262 aliquo
604 4191 704 4244 videtur
752 4192 845 4242 ratione
864 4191 983 4260 scriptum
1000 4205 1059 4240 cum
1076 4189 1202 4244 inventum
1219 4190 1245 4241 in

214 4263 364 4332 excogitata,
381 4265 427 4332 qui
443 4261 566 4316 burcturi
581 4261 643 4330 quid
659 4259 704 4312 sibi
751 4259 824 4322 libris
845 4259 912 4322 esset,
935 4270 1004 4312 tanto
1026 4261 1120 4312 mutari
1144 4257 1244 4312 facilius

1160 4363 1182 4406 st.
