3014 4918
230 426 292 502 3¹2⁶
452 419 500 485 u.
520 418 644 484 rami
669 417 1013 484 nurucmtmut

232 597 339 656 mator
359 585 510 666 inveniet,
527 607 600 674 quae
614 584 770 676 litigatori
790 585 824 650 in
840 597 984 652 neutram
1038 655 1042 664 ,
1148 585 1267 654 babere

213 686 435 750 ‚momentum
458 673 657 738 ridebantur.
701 673 776 737 Nec
800 683 890 736 tanta
909 672 947 736 stt
1023 693 1080 736 uro
1103 671 1267 738 memoriae

233 755 364 839 fiducia,
379 771 415 824 ut
436 756 629 824 subscribere
650 756 759 822 audita
780 755 901 844 pigeat.
944 757 1017 822 Nec
1036 757 1133 821 semel
1150 756 1268 822 audisso

232 845 271 910 fit
284 844 376 910 satist
400 843 564 934 cogendus
578 841 689 908 eadem
705 843 820 907 iterum
837 864 874 906 ac
889 842 1004 930 saepius
1017 840 1141 906 dioere¹
1155 840 1267 930 litiga-

232 942 306 1011 tor;
323 951 386 994 non
401 929 503 994 solum
517 929 593 1016 quia
606 926 747 1016 effugere
761 928 867 1015 aliqua
882 928 986 1014 prima
1001 925 1194 1014 expolitione
1208 949 1269 1014 po·

232 1025 377 1094 tueruut,
457 1014 561 1080 sertim
582 1013 747 1078 hominem
774 1011 877 1100 (quod
898 1013 977 1100 saepe
995 1012 1113 1096 evenit)
1137 1011 1269 1098 imperi-

232 1113 325 1182 tum3
350 1099 379 1166 se
423 1101 534 1179 etiam,
559 1113 598 1164 ut
619 1098 766 1178 sciamuS,
793 1121 834 1162 an
859 1097 970 1164 eadem
995 1097 1093 1163 dicat.
1139 1096 1304 1192 Plurimip

233 1188 321 1252 enim
337 1186 547 1263 mentiuntur,
560 1197 607 1265 et,
623 1198 788 1270 tamquam
808 1205 874 1248 non
896 1183 1031 1248 doceant
1053 1183 1200 1263 caussam,
1216 1183 1271 1248 sed

205 1341 210 1344 ,
234 1283 344 1361 agant,
360 1293 425 1338 non
449 1284 483 1336 ut
504 1293 580 1336 cum
594 1283 740 1357 patrono,
756 1267 808 1334 sed
823 1270 881 1332 ut¹
905 1291 979 1334 cum
1000 1267 1112 1355 judice
1132 1269 1272 1355 loquun-

233 1370 290 1424 tur
300 1369 335 1422 ¹¹².
378 1357 510 1442 Quapro
535 1371 583 1420 ter
609 1377 786 1442 numquam
813 1354 885 1418 satis
914 1354 1109 1418 credendum
1137 1357 1192 1433 est,
1218 1353 1273 1419 sed

235 1465 255 1508 a
277 1443 408 1508 itandus
429 1380 581 1506 omnibus
603 1439 721 1516 modis,
737 1455 770 1504 et
792 1440 979 1516 turbandum
998 1453 1031 1503 et
1052 1439 1233 1504 evocandus
1245 1449 1272 1504 ⁰.

234 1467 323 1594 Idam
342 1549 391 1594 υτ
407 1527 540 1592 medicis
555 1549 618 1590 non
634 1525 817 1612 apparentia
832 1526 929 1589 modo
944 1525 1021 1590 vitia
1036 1523 1175 1589 curanda
1188 1525 1271 1604 sunt,
1286 1551 1327 1598 ιο

235 1613 410 1680 sedetiam
435 1612 635 1688 invenienda,
652 1633 724 1696 quae
748 1610 861 1690 latent,
878 1612 957 1697 saepe
982 1611 1051 1696 ipsis
1075 1633 1124 1689 ea,
1146 1608 1201 1694 qui
1224 1609 1270 1674 sa·

236 1698 334 1764 naudi
356 1699 439 1776 sunt,
459 1697 703 1775 occulentibus3
726 1695 773 1760 ita
793 1696 965 1761 advocatus
986 1695 1087 1782 plura,
1103 1717 1199 1782 quam
1222 1697 1273 1759 os·

236 1784 424 1863 tenduntur,
441 1782 579 1884 aspiciat.
624 1781 712 1846 Nam
734 1803 809 1845 cum
824 1781 897 1846 satis
918 1780 951 1845 in
972 1781 1133 1852 audiendo
1148 1779 1272 1866 patien-

236 1870 293 1935 tiae
305 1869 510 1955 impenderit,
527 1868 559 1932 in
575 1868 668 1932 alium
692 1866 796 1931 rursus
812 1867 842 1930 ei
862 1867 1025 1954 personam
1047 1866 1274 1930 transeundum

238 1957 292 2035 est,
307 1953 514 2052 agendusque
536 1952 740 2030 adversarium
756 1951 1010 2040 proponendum,
1023 1949 1184 2039 quidquid
1205 1974 1276 2016 om-

238 2041 340 2106 nino⁰
363 2039 538 2126 excogitari
559 2051 670 2102 contra
692 2039 803 2123 potest,
819 2036 977 2125 quidquid
1001 2038 1115 2124 recipit
1136 2037 1169 2101 in
1192 2036 1274 2123 ejus-

237 2125 329 2190 modi
356 2124 583 2210 disceptatione
607 2135 730 2188 natura.
775 2123 1025 2210 interrogandus
1053 2145 1150 2210 quam
1180 2121 1275 2187 inses-

237 2211 362 2291 tisiime‚
378 2231 415 2274 ac
429 2209 633 2296 premendus.
678 2209 777 2288 Nam,
792 2207 870 2272 dum
886 2208 995 2272 omnia
1013 2208 1199 2293 quaerimus,
1215 2207 1275 2272 ali·
1290 2239 1327 2283 11

238 2295 368 2384 quando
393 2295 433 2359 ad
459 2317 581 2373 verum,
603 2293 660 2358 ubi
687 2293 821 2356 minime
844 2293 902 2357 exs
919 2293 1104 2372 celavimus,
1132 2293 1277 2378 perveni-

238 2403 325 2446 muS.
371 2383 408 2444 ln
430 2379 564 2458 summa,
580 2379 722 2466 optimus
744 2379 787 2442 est
807 2379 841 2441 in
863 2315 1038 2442 diioendor
1060 2391 1211 2465 patronus
1225 2377 1275 2441 in-

239 2465 401 2531 credulus.
446 2465 632 2529 Promittit‘l
648 2462 736 2528 enim
751 2463 897 2550 litigator
911 2463 1029 2544 omnia,
1045 2464 1155 2528 testem
1171 2485 1275 2551 popu·

239 2551 321 2631 lum,
340 2551 545 2638 paratissimas
568 2549 831 2637 confignationes,
854 2549 864 2611 i
888 2547 956 2613 sum
976 2549 1115 2636 denique
1136 2549 1278 2614 adversa»

239 2637 324 2706 rium
340 2635 485 2723 quaedam
510 2659 573 2701 non
596 2648 798 2722 negaturum.
844 2635 859 2698 l
902 2656 987 2721 oque
1008 2655 1088 2721 opus
1102 2635 1144 2698 est
1160 2634 1275 2700 intueri
1292 2661 1331 2714 12

241 2742 338 2786 omne
360 2721 424 2785 litis
447 2721 712 2786 instrumentum:
735 2718 825 2805 quod
844 2719 951 2783 videre
965 2741 1029 2784 non
1045 2721 1089 2784 est
1103 2719 1187 2800 satis,
1203 2742 1275 2820 per-

241 2805 416 2895 legendum
432 2806 501 2871 erit.
534 2808 620 2870 Nam
635 2803 882 2890 frequentiffime
895 2817 952 2869 aut
965 2825 1029 2869 non
1046 2806 1118 2869 sunt
1132 2827 1276 2884 omnine,

158 2913 160 2917 ·
203 2927 208 2940 ·
241 2904 341 2980 quaer
371 2891 652 2978 promittebantur,
675 2902 731 2953 aut
758 2889 864 2954 minus
893 2891 1061 2955 continent
1072 2901 1095 2966 ⁸,
1117 2903 1173 2954 aut
1200 2913 1278 2957 cum

241 2977 308 3042 alio
330 2977 438 3065 aliquo
464 2976 629 3040 nocituro¹
648 2973 812 3124 permixta
832 2975 916 3054 sunt,
939 2987 995 3040 aut
1018 2975 1118 3038 nimia
1141 2975 1225 3055 sunt,
1244 2987 1279 3040 et

242 3062 340 3128 fidem
371 3063 433 3125 hoc
463 3061 529 3148 ipso
557 3061 648 3124 detra
681 3081 749 3140 ura,
773 3059 861 3147 quod
889 3081 953 3124 non
982 3061 1103 3124 habent
1130 3061 1277 3125 modum.

237 3146 394 3234 'Denique
417 3147 520 3210 linum
547 3158 691 3233 ruptum,
716 3157 772 3208 aut
794 3145 979 3210 turbatam⁰
1001 3167 1119 3225 ceram,
1137 3158 1193 3209 aut
1213 3145 1278 3209 fine
1293 3175 1331 3242 13

278 3351 427 3402 ¹‹ucamta
508 3351 692 3400 maerens.
751 3329 794 3392 'm
810 3353 994 3418 loquantum.
1071 3355 1280 3418 urratgavo

245 3421 346 3476 candus.
412 3417 568 3464 ⁰animoG.
643 3417 920 3484 astetensarrqffir.
937 3419 1280 3484 dicendoalatsapecorffm.

172 3485 175 3490 '
246 3483 563 3538 hamautmoxdnoac.
628 3489 638 3519 ‘¹
660 3481 777 3530 Permittit
787 3483 851 3530 lens.
925 3491 995 3532 raut
1005 3483 1037 3532 G.
1102 3485 1279 3533 montineto.

246 3553 255 3616 f
272 3549 385 3596 nocitura
395 3548 458 3600 lens.
544 3555 558 3582 ¹¹
574 3545 669 3593 turbata
680 3561 733 3594 cera
743 3549 774 3594 G.
784 3548 848 3594 Jens.
865 3548 966 3610 Nostram
976 3548 1087 3597 haiom
1093 3550 1174 3613 probat
1183 3548 1280 3613 Saintes.

246 3613 273 3661 dt
284 3613 352 3663 Modo
361 3611 431 3678 ’ΠΜ
443 3628 468 3676 p.
479 3621 535 3673 451,
548 3609 612 3659 Edit.
625 3609 728 3673 saugdan.
739 3615 828 3660 Barav.
842 3614 912 3676 1639.
1062 3631 1065 3638 ·
1241 3633 1243 3644 ¹

281 3796 311 3844 9.
327 3771 481 3838 evocando]
501 3771 558 3824 Ncn
573 3770 664 3824 damno
681 3790 740 3826 con-
790 3773 834 3826 illo
851 3775 941 3844 quavis
954 3785 1010 3828 arte
1029 3793 1123 3837 verum,
1137 3785 1162 3826 et
1180 3773 1282 3826 latentia

246 3846 366 3914 jetlurarn
377 3844 451 3913 supra
462 3839 573 3910 positam,
581 3843 738 3894 avocandus:
789 3846 865 3897 etiam
876 3845 1011 3898 educenda.

249 3916 355 3985 pertinet
372 3913 436 3964 euim
449 3911 479 3962 ad
493 3911 647 3978 prudentiam
659 3926 741 3962 orato·
828 3933 870 3964 12.
900 3915 964 3983 quod
989 3932 1035 3966 non
1056 3913 1145 3966 habent
1173 3912 1280 3978 modum]

250 3986 286 4037 ria
303 3997 415 4034 avocare
431 3979 543 4050 paullum
561 3979 591 4030 ad
604 3981 652 4032 alia
664 3981 742 4032 inren·
791 3983 848 4034 Hoc
859 3981 892 4036 est
910 3982 971 4037 illud
984 3983 1051 4050 quod
1063 3983 1140 4052 vulgo
1150 3983 1231 4042 aiunt,
1243 3983 1282 4033 ni-

251 4055 343 4106 tionem
355 4049 500 4119 litigatoris,
512 4061 541 4101 ut
559 4067 616 4100 cum
632 4067 679 4100 non
691 4051 742 4101 sen·
791 4051 827 4102 lril
840 4053 951 4122 probare,
963 4051 980 4102 st
998 4054 1055 4121 quis
1067 4055 1153 4120 probet
1164 4052 1281 4102 nimium.

251 4123 300 4176 tiat
322 4121 384 4190 quid
407 4128 507 4188 agatur,
524 4117 552 4170 sr
562 4122 682 4170 mentitus
705 4119 742 4180 sit,
831 4140 872 4185 ¹3·
890 4121 965 4172 linum
977 4123 1087 4190 ruptum]
1102 4121 1284 4172 Adscribatnus

251 4201 323 4244 tanto
339 4187 535 4260 deprehendatur
556 4185 666 4239 facilius.
699 4188 745 4239 Sed
794 4189 833 4239 hic
853 4191 927 4240 etiam
950 4189 1032 4240 locum
1055 4189 1177 4241 classicum
1200 4189 1284 4242 Paulli

252 4260 332 4330 neque
343 4259 483 4310 evocandus
495 4258 680 4310 damnaverim:
701 4275 745 4328 po-
793 4258 854 4310 sent.
870 4277 894 4324 ς,
907 4275 950 4324 25,
967 4277 992 4324 ς,
1009 4258 1164 4328 Ampttfflmus
1175 4261 1230 4311 ordo
1241 4261 1284 4311 de-

252 4331 296 4384 test
307 4330 372 4383 euim
389 4327 533 4400 significare,
545 4326 695 4380 eliciendum
712 4327 745 4380 ab
793 4326 886 4391 crevit,
895 4345 940 4380 eas
951 4327 1059 4392 tabulas,
1071 4347 1124 4401 φα
1137 4327 1227 4400 publici
1239 4328 1288 4381 vel
