2942 4928
390 427 891 496 instrumentorum.
911 427 998 492 vnt.
1021 443 1053 512 5·
1203 443 1239 514 31

183 595 229 672 ..in
284 595 373 664 nulia
394 587 533 678 tantum,
550 606 584 662 et
600 596 688 660 velut
705 593 904 686 confragosa,
921 617 981 663 neo
995 592 1242 671 admirationem

194 707 264 764 ceu,
274 692 456 772 equunturt
471 681 697 760 eminentium,
710 695 743 751 et
753 681 920 768 planorum
935 679 1074 769 gratiam
1090 681 1242 766 perdunt.

113 780 118 794 ‘
137 783 184 849 30
198 773 275 836 Hoc
290 792 358 857 quo
380 791 421 834 ue
436 767 556 835 accidit
566 778 591 848 ¹¹,
608 767 697 856 quud
710 767 791 832 solas
805 769 947 854 captanti
967 767 1138 834 sententias
1153 767 1241 854 mul-

197 870 250 920 tas
264 792 386 920 necetle
401 855 446 920 est
460 855 567 920 dicere
591 853 693 933 leves,
707 851 854 944 frigidas,
870 850 1005 940 ineptas.
1050 851 1129 918 Non
1152 852 1242 917 enim

196 944 299 1028 potest
312 941 374 1006 elle
388 935 548 1020 deletius,
557 936 639 1004 ubi¹
652 961 787 1004 numero
800 933 973 1004 laboratur.
1006 939 1121 1024 ltaque
1133 935 1243 1004 videas

195 1043 230 1092 et
246 1027 418 1112 divffiorzem
431 1048 489 1112 pro
503 1025 661 1093 sententia
674 1023 764 1110 poni,
775 1037 809 1087 et
823 1020 1095 1112 argumentum,sr
1111 1037 1242 1106 tantum

138 1125 180 1192 31
196 1112 231 1178 in
249 1113 408 1178 clausulay
431 1126 465 1177 et
480 1109 568 1176 calce
584 1109 808 1198 pronuntietur
818 1122 844 1174 2.
892 1107 1026 1196 Occidisti
1046 1111 1243 1260 uxoremaffi

1215 1219 1242 1259 ar

196 1199 335 1264 adulter:
358 1197 537 1284 tranferrent
552 1209 592 1276 te,
610 1195 724 1282 etiamst
744 1193 934 1282 repudirffls,
950 1193 1059 1260 divisio
1082 1194 1136 1260 est.

184 1285 268 1373 scire
293 1309 438 1364 uenenum
460 1285 513 1370 effe
536 1274 743 1346 amatorium?
764 1281 882 1346 viveret
903 1281 996 1359 horto,
1016 1281 1072 1368 nist
1091 1281 1171 1346 illud
1191 1283 1239 1345 bi·

197 1371 294 1456 differ,
316 1383 546 1458 argumentum
569 1367 624 1435 est.
668 1369 740 1432 Nec
763 1367 881 1432 multas
904 1365 1049 1454 plerique
1069 1367 1240 1433 sententiaa

139 1461 184 1537 32
196 1457 322 1538 dicunt,
338 1455 392 1522 sed
407 1453 518 1522 omnia
532 1467 698 1541 tamquam
715 1451 899 1534 sententias.
944 1453 1034 1542 Huic
1048 1453 1242 1556 quibusdam

195 1543 394 1609 contrarium
418 1539 568 1618 studium,
584 1539 641 1626 qui
663 1538 794 1626 lugiunt
816 1561 853 1602 ao
876 1531 1087 1604 reformidant
1108 1562 1242 1606 omnem

194 1629 282 1694 hanc
296 1629 329 1692 in
344 1628 484 1692 dicendo
499 1623 710 1712 voluptatem,
725 1622 808 1687 nihil
822 1625 1007 1710 probantes,
1022 1625 1078 1690 nifi
1095 1624 1242 1725 planum,

195 1727 232 1779 et
245 1712 383 1798 humile,
397 1726 432 1777 et
448 1712 511 1776 fine
527 1723 656 1776 conatu.
681 1711 744 1788 Ita,
762 1725 848 1772 num
867 1709 995 1792 timent,
1011 1731 1052 1774 ne
1066 1707 1243 1799 aliquando

194 1799 326 1880 cadant,
346 1799 468 1886 semper
489 1795 606 1862 arent.
651 1789 752 1862 Quod
774 1795 860 1862 enim
883 1806 1007 1860 tantum
1030 1796 1062 1859 in
1086 1795 1242 1864 sententia

195 1887 284 1952 bona
303 1885 427 1952 crimen
450 1821 497 1948 erl
506 1885 516 1946 l
542 1904 607 1946 non
629 1881 742 1946 caullae
756 1880 903 1968 prodest?
928 1881 1150 1970 nonjudicem
1165 1905 1239 1949 rno-

197 1975 269 2037 vetl
288 1993 353 2035 non
368 1970 529 2035 dicentem
546 1965 773 2032 commendat?
798 1967 867 2032 At²
883 1965 927 2031 est
941 1967 1104 2054 quoddam
1119 1991 1240 2058 genus,

142 2066 182 2136 33
197 2080 265 2144 quo
280 2072 402 2122 veteres
417 2077 482 2120 non
498 2055 684 2120 utebantur.
730 2051 808 2138 Adb
830 2067 949 2140 quamc
965 2053 1064 2142 usque
1078 2059 1162 2120 noe‘¹
1178 2077 1240 2121 vo-

198 2144 304 2208 catis⁰
319 2143 528 2208 vetustatem?
553 2139 652 2217 Nam,
677 2139 697 2202 sr
718 2137 779 2202 adf
802 2137 890 2203 illam
906 2150 1095 2220 extremam,
1115 2141 1241 2205 multat

196 2225 444 2306 Demosthenes,
469 2249 543 2314 quae
573 2237 648 2289 ante
675 2244 749 2288 eum
779 2245 889 2288 nemu.
936 2225 1114 2290 Quomodo
1139 2227 1242 2312 potest

198 2313 390 2382 Ciceronem
406 2313 550 2400 probare,
561 2310 617 2398 qui
630 2309 713 2375 nihil
728 2321 821 2398 putet
835 2332 875 2374 ex
887 2309 1012 2375 Catone
1022 2311 1242 2400 Gracchisque

197 2401 439 2466 mutandumt?
476 2396 540 2462 Sed
569 2409 644 2460 ante
669 2395 730 2460 hos
756 2393 927 2484 simplicior
952 2395 1059 2462 adhuc
1086 2395 1243 2484 loquendi

143 2503 186 2568 34
198 2489 279 2552 ratio
300 2487 375 2551 fnit.
419 2487 491 2572 Ego
514 2505 587 2547 vero
607 2481 679 2546 haec
702 2481 826 2546 lumina
840 2481 1007 2561 orationis,
1024 2482 1112 2548 velut
1127 2484 1242 2550 oculos

199 2573 355 2660 quosdam
377 2569 438 2638 effe
459 2565 654 2658 eloquentiae
676 2567 784 2632 credo.
830 2567 895 2632 Sed
918 2589 1024 2667 neque
1048 2567 1160 2632 oculos
1180 2569 1241 2634 elle

198 2673 269 2724 toto
283 2680 416 2746 corpore
433 2655 541 2730 velim,
557 2677 598 2718 ne
612 2666 719 2720 cetera
732 2653 878 2716 membra
898 2653 1041 2716 officrum
1058 2651 1150 2718 suum
1166 2677 1240 2742 per-

198 2746 300 2810 dant:
323 2744 406 2823 et,s1
431 2739 552 2806 necelle
576 2740 623 2819 fit,
646 2752 785 2804 veterem
809 2737 903 2802 illum
927 2738 1091 2803 horrorem
1111 2738 1242 2807 dicendi

197 2831 322 2912 malim,
345 2849 443 2920 quam
465 2827 561 2894 iliam.
576 2845 692 2890 novam
715 2823 892 2888 licentiam.
938 2822 1002 2888 Sed
1023 2837 1112 2911 patet
1133 2825 1242 2890 media

198 2917 347 3003 quaedam
362 2914 424 2993 via,
443 2933 557 2978 s1cur
573 2911 606 2974 in
621 2909 713 2975 cultu
730 2909 880 2996 vittuque
895 2907 1019 2974 acceffit
1031 2908 1147 3010 aliquis
1161 2912 1243 2977 citra

197 3001 472 3090 reprehensionem
495 2997 593 3076 nitor,
607 3019 706 3082 quern
718 2995 739 3077 ¹,
763 2995 844 3060 ficut
863 2995 1037 3081 poliumus,
1051 2997 1241 3084 adjiciamus

195 3088 384 3152 virtutibus.
429 3084 520 3150 Prius
542 3097 648 3148 tamen
664 3081 714 3159 stt,
729 3079 814 3146 vitiis
831 3103 956 3146 careret
980 3103 1033 3162 ne,
1050 3081 1130 3148 dum
1146 3084 1240 3148 volu-

197 3197 272 3239 mus
297 3174 358 3238 effe
382 3170 532 3238 meliores
557 3167 731 3245 veteribus,
762 3168 857 3230 fimus
888 3167 1034 3232 tantum¹
1063 3167 1239 3235 diffimiles.

145 3271 184 3342 35
200 3259 345 3328 Reddam
365 3279 464 3358 nunc,
481 3275 577 3344 quam
601 3253 779 3340 proximam
800 3251 861 3318 elle
887 3252 1042 3348 dixeram,
1057 3265 1179 3340 partem
1204 3257 1241 3322 de

229 3458 563 3526 tconsequentuerens„
614 3456 736 3504 laceedit
747 3456 779 3503 G.
845 3453 1037 3517 '‘Farreirfide.
1100 3453 1240 3504 rolausulae
1283 3475 1286 3478 ·

197 3527 265 3577 calte
276 3531 307 3577 G.
315 3529 380 3576 lens.
459 3533 473 3562 2
490 3522 659 3588 pronuntiatur
671 3523 701 3570 G.
784 3525 794 3550 ⁸
814 3519 903 3577 SedG.
914 3534 957 3567 am,
967 3519 1031 3568 lens.
1104 3517 1115 3550 b
1134 3521 1164 3568 Et
1174 3519 1240 3567 Jens.

198 3595 295 3657 ‘quod
305 3594 337 3642 G.
414 3589 561 3638 ‘rocleni
632 3594 752 3634 evocant
763 3583 794 3632 G.
805 3585 871 3632 lens.
942 3581 1063 3630 semim
1129 3591 1241 3634 ⁸mutat

196 3661 261 3709 lens.
313 3651 340 3708 ,¹²
358 3656 506 3708 imitandum
519 3652 626 3702 esent.
689 3648 842 3712 iquorer'r'd.
893 3645 913 3694 ,¹
931 3647 1115 3696 tamenlens„

234 3862 277 3910 32.
296 3837 611 3903 veteresronuabanrar]
630 3833 693 3889 Vid.
742 3834 840 3893 rebant,
858 3829 984 3884 venustam
999 3830 1125 3900 quandam
1141 3833 1241 3906 elegen,
1311 3854 1314 3863 ¹

200 3930 244 3977 12,
257 3931 300 3977 ro,
312 3917 359 3976 48.
491 3961 493 3968 Α
743 3902 818 3964 tiam,
829 3903 923 3954 invidia
934 3914 1017 3953 careat
1036 3914 1060 3952 et
1076 3901 1174 3957 landem
1187 3924 1240 3959 me.

234 4001 277 4049 34.
296 3978 447 4050 adjiciamus
454 3973 607 4038 virtutibus]
626 3975 694 4027 Prae·
743 3985 843 4025 remur:
858 3971 895 4023 sed
908 3971 925 4023 li
936 3987 982 4042 pro
992 3971 1106 4035 candore,
1118 3973 1175 4036 fide,
1188 3973 1241 4027 for.

197 4069 235 4108 ter
244 4055 351 4106 virtuter
363 4049 483 4118 reliquae,
494 4061 638 4098 communes
650 4061 695 4095 no·
744 4042 861 4102 titudine,
873 4041 966 4112 quibus
978 4041 1028 4111 ipse
1044 4057 1136 4105 careat,
1151 4045 1241 4098 venus·

198 4127 238 4178 bia
260 4141 321 4184 cum
342 4120 465 4188 antiquis,
488 4118 564 4168 etiam
589 4115 695 4169 nitorem
744 4111 978 4166 tatemillamsuam
986 4111 1242 4168 venditarenobisve.

197 4195 268 4253 illum
280 4193 371 4249 habere
382 4189 532 4242 studeamus.
554 4185 580 4236 Si
592 4185 651 4254 quis
663 4183 696 4234 ad
745 4181 793 4245 lit;
816 4179 928 4240 facefl‘ere
951 4179 1021 4234 illum
1039 4182 1171 4248 jubeamur
1188 4203 1240 4238 me·

198 4265 338 4325 tandmem,
351 4260 437 4318 fidem,
449 4255 621 4309 fortitudinem
641 4269 695 4304 ma·
743 4251 803 4304 riter

194 4330 277 4402 ,iorum
287 4334 425 4386 nostrorum
436 4327 600 4396 adjiciat,qua
610 4323 646 4376 illi
653 4341 708 4375 ca-..
