3026 4930
164 427 169 436 ,
252 417 309 480 130
479 373 1047 485 m'rnnrrourucrrnrnnr

249 568 283 634 in
307 567 397 634 omni
419 565 568 655 palastra,
582 561 662 656 quid
683 569 757 634 satis
771 569 858 636 reue
879 581 1009 636 cavetur
1029 575 1066 635 a‘c
1084 571 1215 660 petitur,
1231 569 1286 639 eui

250 677 314 719 non
329 653 443 720 artifex
462 668 582 736 motus,
598 668 632 719 et
650 655 728 720 certi
752 655 885 742 quidam
907 657 1003 743 pedes
1025 658 1148 722 adfint?
1174 661 1321 750 Quare9

250 739 351 804 mihi¹
375 739 601 828 eompofiuone
624 761 753 806 vator
776 741 913 806 amentis
933 741 1122 828 quibusdam
1145 745 1285 809 nervisve

250 825 376 890 intendi
398 837 433 892 et
452 825 605 890 concitari
628 825 791 892 sententiae
814 825 972 892 videntur.
1017 827 1096 892 Ideo
1114 829 1283 894 eruditiffi-

249 933 306 976 mo
327 910 445 998 cuique
465 909 641 997 persuasum
662 913 717 992 est,
739 909 844 978 valere
865 935 935 976 eam
950 925 970 953 ¹¹¹
994 915 1283 1000 quamplurimum,
1341 933 1348 944 ·

249 1019 315 1062 non
338 997 380 1062 ad
394 996 642 1062 delectationem
657 995 767 1075 modo,
781 997 835 1062 sed
850 997 891 1062 ad
912 1012 1037 1064 motum
1062 1021 1106 1085 qu
1150 1022 1191 1064 ue
1213 1001 1284 1066 ani-
1383 1031 1386 1038 ¹

248 1105 390 1148 morum.
436 1080 591 1164 Primum,
606 1082 682 1171 quia
696 1081 777 1146 nihil
791 1082 905 1148 intrare
920 1085 1020 1171 potest
1041 1083 1075 1148 in
1138 1087 1246 1150 ectum
1258 1101 1284 1165 ¹¹,
1300 1105 1340 1152 10

274 1167 340 1234 uod
359 1167 393 1232 in
409 1190 499 1246 aure,
515 1189 644 1234 vetur
665 1168 805 1255 quodam
829 1168 996 1248 vestibulo,
1013 1168 1115 1234 statim
1138 1170 1284 1235 offendit.

249 1192 391 1334 itenere,
406 1252 496 1340 quod
522 1265 633 1318 natura
657 1252 805 1318 ducimur
826 1251 866 1318 ad
888 1253 1014 1318 modos.
1058 1255 1177 1343 Neque
1198 1257 1286 1340 enim

251 1335 343 1404 aliter
358 1338 512 1417 eveniret,
527 1352 564 1402 ut
578 1338 625 1402 illi
640 1359 769 1425 quoque
784 1359 976 1424 organorum
995 1338 1073 1419 soni,
1074 1363 1286 1488 λ(ἓῑιειῐιπῃιειιιι

250 1426 349 1490 verba
373 1445 436 1488 non
459 1423 653 1509 exprimunt,
672 1421 706 1486 in
726 1422 806 1490 alios
830 1437 935 1488 tamen
957 1437 1055 1510 atque
1105 1425 1153 1488 ios
1177 1441 1286 1492 motus

249 1509 404 1576 ducerent
424 1505 617 1573 auditorem.
662 1510 700 1571 In
721 1508 950 1572 certaminibus
968 1508 1061 1575 sacris
1082 1532 1146 1574 non
1169 1512 1283 1576 eadem
1300 1533 1338 1578 ιι

250 1595 374 1670 ratione
388 1593 553 1658 concitant
566 1593 691 1658 animos
705 1615 743 1658 ac
757 1593 926 1658 remittunt
940 1618 948 1658 ι
972 1616 1032 1658 nec
1046 1593 1196 1660 eosdem⁰
1211 1617 1283 1662 rno-

249 1681 309 1744 dos
325 1677 491 1758 adhibent,
506 1699 582 1742 cum
596 1678 750 1744 bellicum
765 1679 808 1744 est
826 1677 1018 1758 canendum,
1034 1693 1068 1742 et
1088 1683 1162 1744 cum
1184 1681 1288 1766 potito

249 1781 346 1854 genu·
359 1763 619 1852 supplicandum:
647 1786 707 1828 nec
726 1763 813 1829 idern
835 1765 994 1852 fignorum
1017 1778 1217 1840 concentus?
1242 1767 1286 1830 est

273 1849 442 1914 rocedente
463 1849 505 1913 ad
529 1848 675 1936 praelium
696 1849 851 1929 exercitu,
873 1849 958 1916 idem
980 1851 1123 1936 receptui
1144 1873 1283 1919 cumen.

249 1874 276 2000 ii
300 1933 462 2024 thagoreis
476 1947 564 1998 certe
577 1934 676 1998 moris
690 1933 766 2015 fuit,
780 1948 825 2014 et,
838 1955 914 2000 cum
935 1933 1144 2023 evigiiaffent3
1159 1937 1284 2003 animos
1299 1958 1342 2008 ra

248 1960 296 2086 rui
304 2009 407 2110 lyram
421 2019 572 2101 excitare,
587 2041 654 2108 quo
667 2018 766 2086 essent
778 2019 819 2084 ad
836 2021 999 2108 agendum
1024 2021 1192 2088 erectiores
1207 2049 1215 2086 ι
1238 2038 1284 2102 et,

248 2129 326 2172 cum
348 2108 496 2188 ¹somnum
540 2117 674 2188 ¹terent,
689 2103 729 2168 ad
750 2106 896 2170 eamdem
919 2107 1006 2192 prius
1025 2105 1125 2174 lenire
1148 2122 1285 2188 mentes,
1364 2141 1365 2144 ¹

249 2203 299 2272 ut,
320 2191 340 2256 fi
365 2181 447 2280 quid
467 2181 515 2255 fui
539 2203 573 2256 et
598 2189 813 2256 turbidiorum
831 2191 1084 2278 cogitationum,
1108 2215 1284 2278 compone-

249 2287 335 2341 rent.
378 2275 479 2341 Ouod
503 2275 523 2338 fl
549 2275 691 2340 numeris
712 2288 746 2339 et
766 2275 872 2340 modis
892 2277 970 2340 inest
992 2278 1141 2364 quaedam
1162 2278 1283 2342 tacitae
1299 2301 1337 2368 13

248 2361 311 2441 vis,
326 2363 358 2428 in
381 2361 525 2426 oratione
540 2363 604 2426 estr
626 2361 918 2426 vehementiffima:
941 2374 1162 2448 quantumque
1182 2363 1283 2426 inter-

249 2447 305 2528 est,
320 2445 426 2518 sensut
447 2445 535 2509 idem
558 2445 676 2532 quibus
699 2445 805 2510 verbis
828 2446 1011 2525 efferatur⁸,
1033 2459 1172 2526 tantum,
1188 2449 1286 2513 verba

249 2531 362 2597 eadent
379 2553 442 2620 qua
462 2530 690 2618 compofitione
707 2531 760 2594 vel
780 2531 814 2594 in
836 2531 925 2596 exitu
944 2531 1135 2632 jungantur,
1148 2531 1200 2596 vel
1222 2533 1285 2598 fine

249 2615 452 2683 claudantur&
495 2617 583 2682 Nam
598 2611 745 2702 quaedam
760 2627 793 2680 ct
809 2615 973 2682 sententiis
994 2639 1100 2703 parva,
1117 2628 1150 2681 et
1171 2617 1283 2684 elocu-

239 2703 340 2769 tione
369 2701 508 2784 modic'a‚
537 2701 639 2767 virtus
667 2698 737 2766 haec
771 2699 839 2766 sola
874 2701 1091 2766 commendat.
1134 2703 1285 2792 Denique
1300 2735 1340 2798 14

274 2789 339 2852 uod
368 2787 487 2852 cuiue
514 2787 614 2853 visum
642 2787 704 2851 erit
730 2785 949 2867 vehementer,
978 2785 1128 2868 dulciter,
1151 2788 1286 2876 speciose
1331 2799 1334 2808 ’

248 2813 387 2954 imum,
402 2810 502 2939 siivat
523 2879 575 2938 et‘
600 2872 728 2936 turbet:
751 2871 869 2937 abierit
891 2871 996 2936 omnis
1016 2873 1076 2954 vis,
1086 2873 1287 2959 jucunditas,

250 2959 358 3024 decor.
403 2957 507 3022 Solvit
527 2955 675 3048 quedam
692 2953 793 3021 suain
808 2969 931 3020 oratore
953 2958 1081 3035 Cicero,
1097 2958 1179 3022 Nam
1193 2983 1286 3047 neque
1345 3029 1347 3039 Α

248 3068 294 3107 me
314 3042 435 3110 divitica
455 3055 584 3124 movent,
598 3041 704 3132 quibas
724 3060 819 3107 omrtes
832 3041 996 3129 Africanos
1017 3053 1046 3105 et
1065 3043 1178 3106 Laelies
1198 3045 1299 3109 multi'

283 3263 388 3330 ¹in2'ns.
399 3265 432 3316 G.
539 3267 558 3296 '¹
576 3263 662 3314 enm.
759 3259 888 3312 *effeetus
899 3262 931 3310 G.
1034 3258 1048 3286 ⁰
1066 3259 1118 3306 eod.
1132 3261 1206 3310 modo
1217 3261 1287 3310 adhi-

250 3329 339 3379 beutur
349 3331 383 3379 G.
446 3334 459 3372 t·
474 3336 603 3394 contentus
612 3327 676 3376 lens.
722 3379 727 3392 Ι
740 3333 753 3368 ‘¹
772 3337 840 3380 tanta
850 3327 881 3376 G.
954 3331 964 3354 ¹
982 3339 1012 3372 eo
1023 3325 1055 3374 G.
1066 3324 1132 3373 Jens.
1201 3338 1210 3365 ε
1227 3328 1286 3374 affe·

251 3395 390 3446 raturJens.
487 3399 554 3442 ‘ona
567 3393 598 3444 Gr
1283 3401 1286 3409 ⁴

290 3595 334 3628 η.
362 3573 532 3648 Pythagoreis]
559 3573 644 3626 Locus
666 3571 745 3626 claffi·
792 3571 901 3641 deinceps
911 3569 1003 3636 omma.
1033 3571 1123 3640 Neque
1138 3569 1286 3625 medivitiae

254 3641 590 3713 cueJamblictiideritaP.
618 3642 644 3694 h.
659 3659 684 3696 c.
697 3653 743 3708 ις.
792 3655 902 3701 movent,
922 3641 1017 3712 quibua
1040 3657 1126 3703 omnec
1149 3639 1286 3693 Africanos

293 3733 335 3778 14.
353 3714 380 3766 in
396 3723 494 3772 oratore
503 3653 685 3782 amaseae
699 3729 742 3775 70.
793 3724 817 3764 et
830 3712 922 3765 Laeiicr
939 3709 1014 3762 multi
1031 3710 1147 3764 venalicii
1164 3723 1286 3762 mercato-

254 3797 269 3836 ε
286 3801 339 3840 uuo
354 3783 409 3836 loco
425 3783 491 3834 hunc
506 3781 580 3834 Fabii
594 3779 746 3850 interpolati‘e
793 3782 877 3850 resque
897 3781 1051 3851 inperat-unt.
1089 3778 1196 3832 immuta
1211 3780 1287 3848 paul·

254 3845 347 3923 alisjuis
362 3853 472 3906 uidetur.
501 3851 656 3922 Apparebit,
670 3850 686 3902 sr
708 3851 745 3902 io·
792 3849 852 3914 lum,
864 3850 938 3917 ursit,
950 3849 1181 3918 multituperarunt
1193 3867 1286 3902 merca·

252 3941 314 3976 curn
325 3939 461 3992 ponamus:
480 3924 608 4001 Quantum
619 3929 702 3973 autern
711 3919 747 3986 ſs!
793 3930 860 3973 terea
870 3918 1033 3987 voraiieiique
1042 3941 1049 3971 ι
1059 3917 1163 3987 perierit
1172 3927 1225 3970 tota
1235 3937 1285 3972 res.

254 4001 314 4061 apte
329 3992 417 4053 dicere,
427 3989 610 4060 expmrixlicct,
620 3987 647 4056 fi
653 4000 745 4058 compo-
795 3990 879 4058 igitur
899 4001 964 4040 certe
984 3989 1037 4050 illa,
1059 4005 1116 4056 quar
1137 4007 1152 4039 a
1173 3989 1288 4056 Jensonio

247 4061 293 4129 firi
311 4061 414 4114 oratoris
432 4059 491 4114 tem
501 4060 626 4130 stradam
646 4059 748 4116 colloca·r
793 4060 877 4111 omitti
887 4057 1045 4124 ostendimus,
1056 4075 1107 4109 non
1124 4055 1213 4110 frustm
1223 4072 1289 4140 puto

253 4131 343 4184 tionem
352 4129 468 4200 Maleas
482 4127 666 4198 pernotatione·
681 4145 746 4180 ver-
794 4128 881 4181 abetie.
937 4127 987 4178 uod
1002 4127 1036 4178 de.
1051 4125 1162 4179 Graccho
1177 4129 1290 4194 subjicit,

256 4202 357 4253 borum:
376 4208 547 4266 corrumpatur
559 4197 745 4258 enimtotares,
794 4197 923 4250 osteodem
944 4215 991 4250 oto
999 4196 1140 4260 Ciceronis,
1152 4209 1177 4252 et
1194 4197 1288 4251 suiten·

256 4281 283 4324 ut
302 4282 327 4326 et
345 4269 397 4325 har
413 4268 492 4340 nostra
508 4268 536 4324 in
552 4267 710 4331 Corneliana,
721 4265 746 4320 εἰ
794 4268 856 4322 tiam
868 4267 973 4324 nostram
983 4265 1124 4321 confirmat.
