3020 4918
413 382 583 452 msere.
605 379 810 448 oneror
831 387 917 448 ms.
939 387 1024 450 x.1.'
1190 387 1247 466 »⁸9

211 549 471 634 idem··-Hrirntiur
490 545 560 620 fere
577 551 747 640 solus‘legi
769 551 899 639 dignus.
944 552 1032 617 Nam
1057 558 1092 614 et
1115 550 1252 652 insurgit

201 640 396 727 aliquando,
412 651 446 704 et
468 640 582 727 plenus
591 655 596 660 ’“
605 639 649 703 cst
664 639 881 726 'jucunditatis
907 649 940 702 et
963 637 1089 725 gratiss,
1104 649 1138 700 et
1158 638 1253 702 variis

209 726 324 814 figuris
346 723 738 804 eet'verb·is··felroiffimer
757 723 888 788 :audaxs
924 724 959 787 Si
987 744 1084 809 quern
1114 720 1251 807 adjicere

213 812 304 893 velis,
321 813 373 876 isa
386 810 478 876 ‘erit‘
503 811 614 896 Geefiur
635 809 753 896 Bestius,
769 831 865 894 quern
893 829 995 894 nuper
1015 806 1177 872 vidimus:
1199 806 1255 871 sed

157 901 290 986 97'eum
309 897 416 982 'longe
452 895 640 983 praeoedunt
673 895 804 982 ingenia
839 894 1027 958 viventium.
1071 893 1255 980 Tragoedia

213 981 393 1069 scriptores,
408 981 517 1046 Acrius
538 981 819 1067 atque'Pocuvius,
835 977 991 1044 clarissimi
1008 978 1166 1065 gravitate
1181 979 1253 1045 sen·

213 1068 399 1146 sentiarum,
415 1069 605 1132 verborum⁸
621 1066 775 1153 pondere,
791 1078 823 1129 et
837 1064 1025 1129 auetoritate
1039 1063 1252 1162 personarum.

217 1155 370 1218 Ceterum
386 1152 483 1234 nitor,
499 1165 533 1218 et
553 1152 678 1216 summa
700 1153 734 1215 in
755 1149 941 1215 excolendis
962 1151 1111 1236 operibus
1126 1171 1253 1228 manue,

215 1238 324 1325 magis,
336 1237 436 1302 videri
451 1241 551 1324 potest
569 1237 780 1323 temporibus,
795 1257 892 1322 quam
915 1235 986 1322 ipsis
1006 1233 1147 1298 defuisse.
1190 1235 1254 1298 Vi-

216 1326 301 1388 rium
324 1335 431 1404 temen
453 1324 558 1388 Accio
595 1324 646 1388 lbs
669 1322 842 1386 tribuitur:
868 1321 1038 1387 Pacuvium
1061 1319 1160 1384 videri
1174 1319 1254 1383 doc-

161 1414 204 1502 98
217 1409 344 1488 tiorum,
359 1409 416 1494 qui
436 1409 498 1473 elle
519 1345 607 1474 dodi
629 1407 789 1487 affedlant,
804 1407 928 1471 volunt.
973 1408 1046 1471 Janr
1067 1405 1150 1468 Varii
1171 1404 1254 1491 Thy·

217 1493 284 1580 estes
299 1494 434 1559 cuilibet
449 1497 637 1558 Graecorum
658 1492 834 1579 comparari
856 1492 968 1579 potest.
1014 1491 1121 1555 Ouidii
1141 1491 1257 1554 Medea
1361 1511 1362 1518 ¹

217 1580 343 1648 videtur
357 1579 626 1658 mihiiostendere,
643 1591 800 1665 quantum
815 1578 863 1642 vir
877 1577 932 1640 ille
946 1578 1090 1662 praeslare
1104 1576 1256 1673 potuerit,

218 1663 240 1729 sr
256 1665 388 1752 ingenio
402 1665 458 1730 suo
474 1677 660 1750 temperare,
677 1685 774 1751 quarn
791 1663 971 1749 indulgere,
987 1662 1152 1726 maluiilet.
1190 1663 1256 1726 Eo-

217 1773 290 1814 rum
314 1773 395 1838 quos
422 1750 571 1829 viderim,
596 1749 693 1848 longe
717 1749 863 1836 princeps
891 1749 1066 1835 Pomponius
1093 1745 1256 1827 Secundus,

218 1859 316 1922 quem
331 1838 418 1900 senes
433 1847 564 1922 parurn¹
587 1847 748 1922 tragicum
769 1836 936 1918 potabant,
951 1833 1133 1898 eruditione
1151 1855 1189 1896 ac
1205 1834 1260 1906 ni-,

164 1951 207 2018 99
220 1935 288 1985 tore
303 1923 446 2008 praellare
464 1922 708 1986 confitebantur.
753 1922 791 1984 In
808 1919 965 1983 comoedia
979 1917 1121 1982 maxime
1135 1917 1259 1986 claudi-

221 2018 378 2072 cemust':
402 2005 480 2072 licet
500 2007 602 2072 Varro
624 2006 711 2070 dicat
724 2017 750 2084 ¹,
765 2004 888 2090 Musas,
904 2004 1009 2068 AEliir
1030 2003 1164 2068 Stilonis
1186 2005 1257 2067 sen-

221 2092 334 2170 tentia,
360 2091 526 2156 ΡίαιιτὶποΖ
542 2093 679 2180 sermone
703 2089 851 2156 locuturos
866 2089 973 2176 firiffe,
985 2089 1022 2173 st
1043 2090 1154 2152 Latine
1180 2087 1261 2176 loqui
1293 2091 1295 2096 ’

221 2177 356 2253 vellent3
390 2178 467 2242 licet
494 2177 649 2242 cecilium
675 2188 823 2242 veteresa
850 2175 999 2240 laudibus
1024 2172 1126 2238 ferant
1138 2197 1149 2254 3
1182 2174 1261 2238 licet

223 2263 354 2326 Terentii
354 2264 485 2410 ffel-ipra
506 2263 547 2328 ad
563 2261 747 2350 Scipionem
762 2259 949 2326 Africanum
966 2257 1162 2323 reserantur:
1185 2281 1262 2344 quae

223 2361 330 2412 tamen
367 2360 426 2413 unt
449 2348 483 2412 in
508 2349 571 2413 hoc
595 2369 713 2436 genere
736 2346 977 2434 elegantissima,
1001 2357 1035 2410 et
1058 2343 1129 2430 plus
1154 2345 1262 2409 adhuc

165 2458 212 2494 100
225 2433 375 2498 habitura
393 2433 556 2522 gratiae‚fi
578 2433 789 2499 introversus
811 2431 972 2495 trimetros
994 2429 1153 2493 stetissent.
1196 2431 1263 2494 Vix

224 2518 329 2584 levem
356 2519 581 2605 consequimur
606 2519 766 2597 umbram,
792 2517 873 2581 adeo
895 2529 933 2580 ut
959 2515 1042 2580 mihi
1068 2518 1170 2578 sermo
1198 2514 1263 2602 ipse

224 2606 390 2670 Romanus
404 2626 468 2670 non
490 2605 629 2691 recipere
642 2603 788 2668 videatur
809 2601 985 2665 illam'solis
1007 2600 1182 2664 concessam
1197 2601 1261 2663 At-

223 2690 300 2754 ticis
314 2691 487 2766 Venerem,
503 2690 633 2776 quando
647 2711 717 2752 earn
734 2711 775 2752 ne
790 2687 895 2752 Graeci
918 2685 1050 2772 quidem
1070 2686 1103 2748 in
1123 2685 1185 2749 alio
1199 2707 1261 2772 ge-

224 2796 300 2839 nere
314 2773 434 2863 linguae
448 2775 660 2840 obtinuerint.
704 2773 837 2860 Togatis
859 2771 987 2836 excellit
1000 2770 1172 2858 Afranius.-
1196 2771 1262 2834 uti·

225 2883 366 2948 namque
380 2883 445 2926 non
463 2859 654 2946 inquinasset
667 2871 855 2948 argumente
869 2878 1039 2944 puerorum
1060 2856 1154 2920 soedis
1170 2877 1261 2920 amo-

168 2945 328 3028 torribus,
345 2968 450 3011 mores
464 2946 537 3012 suos
551 2945 655 3012 salsus.
699 2947 745 3010 At
763 2943 891 3008 historia
904 2963 969 3008 non
991 2941 1113 3007 cesserit
1128 2942 1263 3021 Graecis,
1335 3021 1339 3026 Ι

259 3090 501 3145 rrerociffimeienr.
566 3103 639 3144 tere.
651 3095 683 3144 G.
740 3095 881 3143 rumiens.
944 3095 1146 3158 uerborumque
1158 3095 1188 3145 G.
1199 3095 1264 3145 Jens.

228 3165 236 3193 ¹
254 3161 385 3210 Pindarum
395 3161 459 3208 Jens.
560 3166 573 3192 ¹¹
590 3161 729 3220 judicamus
739 3161 804 3208 iens.
814 3159 1007 3209 claudicavimus
1018 3162 1049 3209 G.
1145 3167 1160 3196 ¹
1176 3179 1218 3209 ore.
1231 3163 1268 3220 G,

227 3227 291 3276 Jent.
364 3224 592 3288 reprstoioniiid.
657 3235 671 3263 e
687 3225 854 3290 dicatieffliid.
920 3225 1027 3289 ainies.
1039 3226 1070 3274 G.

229 3359 277 3410 hoe
300 3359 460 3430 incipiamus.
496 3359 550 3430 Qi
570 3358 670 3411 Horatii
691 3358 723 3411 li·
772 3358 847 3418 tium,
859 3357 891 3410 ad
908 3375 982 3428 quern
999 3358 1045 3410 iiia
1060 3359 1136 3410 Fabii
1145 3360 1266 3429 pertinere

231 3431 305 3480 brum
316 3431 434 3496 quintum
451 3427 547 3497 Epoden
563 3429 662 3480 nomine
679 3445 693 3478 a
712 3459 724 3472 -
773 3427 885 3480 homines
904 3428 1058 3496 judicassent,
1079 3440 1103 3480 et
1120 3431 1165 3480 vix
1186 3445 1266 3482 unum

182 3555 184 3557 ,
231 3497 362 3570 pellamur,
375 3498 394 3550 ii
410 3498 458 3550 hoc
475 3499 592 3550 videntur
603 3498 667 3567 spesi
701 3516 723 3560 e,
773 3497 891 3548 ultimum
903 3515 1002 3550 carmen
1012 3497 1108 3548 iambos
1125 3497 1187 3550 solos
1199 3499 1266 3551 sena-

196 3573 200 3593 ⁸
231 3568 299 3638 quod
326 3567 433 3635 ejusdem
463 3569 560 3636 generis
594 3566 725 3622 verfieulus
774 3569 825 3618 rios
845 3567 953 3631 habeat;
981 3567 1130 3636 consequens
1153 3578 1215 3631 erat,
1236 3583 1267 3622 ut

231 3639 331 3692 brevior
341 3635 431 3688 accinit
443 3635 510 3706 quaii
522 3649 547 3690 et
555 3636 660 3707 fieccr'nit
671 3637 725 3688 lon·
774 3635 837 3688 illud
853 3653 900 3688 non
915 3637 1046 3688 delendum
1064 3648 1189 3705 putarent.
1221 3639 1268 3693 Sed

231 3705 308 3830 giuti,
317 3707 432 3760 ¹trimetro
442 3723 530 3778 nempe
540 3705 669 3759 dimetros.
685 3709 726 3763 Ex
775 3723 855 3776 quum
877 3705 988 3758 nondum
1009 3704 1122 3775 prolatus
1143 3705 1171 3759 sit
1194 3706 1266 3772 liber,

251 3795 280 3828 oc
302 3775 370 3830 enim
393 3793 480 3846 genere
501 3777 558 3828 sunt
587 3791 619 3830 xl
645 3777 727 3846 priora
775 3777 821 3844 qui
839 3775 948 3826 nrrrillo
964 3785 1056 3837 eareat,
1072 3777 1155 3828 tutius
1172 3789 1196 3828 et
1212 3797 1268 3830 mo-

233 3847 354 3908 termina,
380 3863 395 3896 a
417 3845 521 3915 quibus,
544 3857 573 3898 ut
596 3863 611 3897 a
635 3847 727 3916 potiori
775 3845 866 3898 dellius
887 3845 966 3898 visum
984 3845 1018 3897 est
1037 3843 1100 3898 illud
1120 3845 1222 3911 servare,
1242 3861 1268 3902 et

233 3925 414 3986 parte,nomen
429 3915 536 3970 trabium
550 3915 593 3968 est.
623 3917 665 3968 Ex
681 3915 727 3976 hoe
775 3913 864 3966 referre
874 3925 959 3968 toturn
969 3914 1016 3968 hoc
1035 3915 1066 3966 ad
1083 3915 1222 3981 Catullum,
1235 3919 1266 3970 ad

232 4001 321 4054 genere
338 4002 483 4054 quanquam
500 3983 613 4056 paullum
633 3987 728 4040 diverso
776 4002 851 4054 quem
863 3991 892 4036 ut
909 3987 1065 4039 remotiorem
1083 4003 1216 4057 pronomen
1232 3989 1270 4042 illi

233 4053 268 4108 est
287 4055 363 4106 etiam
380 4055 488 4108 Carmen
506 4071 562 4117 κη,
579 4054 727 4116 hexametris
743 4059 747 4068 '
776 4055 875 4126 respicit
892 4056 1038 4108 commode:
1062 4057 1090 4107 in
1110 4057 1270 4122 hujus'certe

232 4121 366 4194 deitylieis
386 4123 488 4191 subjeeri
505 4125 612 4190 ejusdem
631 4129 728 4196 generis
776 4123 893 4178 iambicis
904 4125 1039 4193 spadorum
1048 4125 1179 4194 reperirer,
1190 4145 1270 4199 quan·

234 4195 386 4246 tetrametrir
411 4211 456 4247 nec
474 4193 582 4248 multum
604 4197 659 4248 abit
678 4210 728 4248 ter·
777 4205 832 4248 tum
843 4212 927 4249 eorum
937 4194 1043 4266 superesi
1054 4196 1138 4248 hodie.

234 4263 301 4320 tium
312 4263 447 4330 decimum.
474 4265 542 4316 Cum
558 4265 638 4334 igitur
653 4265 730 4328 truite
817 4283 876 4317 roc.
893 4281 972 4316 meres
983 4265 1040 4334 ficos
1049 4265 1143 4334 faffus]
1163 4269 1271 4320 Contra.

235 4330 368 4388 versiculus
385 4331 549 4398 interveniat,
562 4336 630 4406 apud
647 4337 729 4390 liora·
778 4334 845 4389 dicit
862 4335 948 4403 itaque
969 4335 1013 4391 suo
1033 4335 1155 4412 discipulo
1177 4337 1271 4400 Plinio,
1337 4341 1339 4351 '
