3014 4918
228 397 292 474 ‚tr
460 379 1042 462 ura-aucurueaumur·

230 559 325 640 dunt,
338 554 379 642 ui
400 557 462 624 bis·
473 549 631 624 erunibus·
647 557 682 640 ii,
696 558 752 644 qui
774 557 954 640 didicerint,
975 559 1009 624 in
1028 557 1097 645 ipso
1113 557 1265 629 luliandi·

232 645 404 714 certamine
417 657 559 724 utantur,
580 646 670 730 (plus
680 644 766 711 enim
786 643 924 727 pondere
937 659 970 709 et
985 645 1130 708 firmitate
1146 659 1179 708 et
1193 646 1256 729 lpi-

230 731 297 796 ritu
309 730 428 816 egitur)
442 729 496 794 led
510 741 548 794 ut
567 730 662 794 subfit
679 730 769 814 copia
782 729 847 806 illc,
862 751 978 814 exque
994 751 1091 794 unum
1106 741 1162 794 aut
1175 730 1256 794 alte·
1292 803 1296 812 ,

232 813 317 894 rt'ttn,
333 813 425 900 cujus
438 815 468 878 lc
483 815 603 880 oceaiio
616 811 750 891 dederit,
765 814 922 877 alliciant:
948 816 993 880 ita
1013 814 1082 880 baec
1103 835 1171 898 pars
1186 815 1255 878 dia·
1271 833 1310 904 13

231 898 356 980 lettioa‘,
371 899 430 964 five
446 900 531 984 illam
554 899 660 964 dicere
675 899 823 964 malimus
837 900 1065 986 disputatrieem,
1081 913 1116 968 ut
1137 901 1178 963 eli
1192 898 1257 964 uti-

231 981 368 1070 liclaepe
382 995 415 1049 et
427 984 636 1062 finitionibus,
652 995 686 1048 et
706 985 1048 1069 comprehensionibus,
1063 997 1095 1048 et
1117 984 1257 1070 separan-

232 1061 295 1148 dls',
317 1071 486 1157 quessunt
509 1069 698 1146 differentia,
724 1081 758 1132 et
781 1069 959 1134 resolvenda
983 1070 1202 1155 ambiguitate,
1225 1079 1266 1136 et,

234 1153 469 1302 dllllnpuondoq
480 1153 667 1234 dividendo,
683 1153 857 1232 illiciendo,
873 1155 1086 1240 implicando:
1110 1155 1154 1222 ita
1170 1155 1259 1218 sito-

233 1248 308 1305 turn
349 1239 383 1304 bi
403 1239 610 1304 vindicaverit
632 1240 664 1302 in
685 1238 756 1302 foro
775 1251 946 1318 certamen,
961 1239 1096 1304 obstabit
1117 1238 1259 1304 melioti-

233 1323 483 1402 baleaesettus
504 1324 546 1388 ad·
565 1327 753 1388 tenuitatem
775 1325 861 1388 suern
884 1325 964 1388 vires
986 1325 1065 1408 ipla¹
1086 1324 1260 1390 subtilitate
1296 1366 1301 1380 ·

128 1448 132 1458 ·
233 1409 410 1476 confirmet.
454 1412 568 1494 Itaque
592 1409 726 1493 reperias
748 1409 899 1494 quosdam
921 1409 953 1472 in
973 1409 1161 1494 disputando
1176 1411 1259 1474 mire
1274 1428 1315 1496 14

189 1573 192 1580 ⁴
234 1490 377 1573 callidos,
391 1517 466 1558 oum
485 1495 526 1558 ab
547 1492 623 1558 illau
645 1493 845 1558 cavillatione
857 1493 1055 1572 diseederint,
1070 1517 1134 1560 non
1156 1494 1260 1582 magis

234 1578 376 1662 spffieere
389 1579 421 1641 in
436 1577 544 1665 aliquo
557 1579 700 1666 graviore
715 1579 799 1657 adiu,
812 1599 906 1664 quarn
920 1601 1013 1664 parva
1027 1579 1173 1664 quedam
1189 1580 1259 1644 ani-

235 1664 344 1743 malia,
357 1685 430 1762 qpae
451 1665 484 1728 in
506 1664 656 1756 anguillis
677 1659 820 1741 mobilia,
839 1685 906 1728 cam
970 1664 1259 1749 deprehenduntur.

232 1747 315 1812 sam
338 1749 468 1834 quidem
494 1763 564 1834 pars
586 1749 640 1813 illa
664 1749 795 1827 moralis,
810 1771 881 1835 quae
925 1750 1020 1814 icitur
1041 1749 1158 1829 Etbica
1175 1763 1260 1815 certe
1275 1763 1313 1836 15
1406 1815 1410 1826 ,
1498 1765 1499 1772 ’

234 1843 305 1896 tota
318 1836 433 1898 oratori
446 1843 460 1874 ¹
475 1836 518 1897 est
532 1833 781 1901 accommodata.
824 1837 909 1898 Nam
933 1835 966 1898 in
988 1847 1076 1898 tanta
1090 1836 1261 1900 cauffarum

240 1921 292 2000 (ut
304 1930 318 1958 ¹
339 1918 551 2004 superioribus
564 1918 653 1984 libris
667 1919 820 2000 diximus)
844 1920 1004 1996 varietate,
1019 1941 1093 1982 cnm
1106 1920 1169 1984 alia
1180 1939 1261 1984 eon-

230 2001 562 2090 jediuraquaerantur,
577 2005 639 2069 alia
652 2004 850 2069 finitionibus
864 2005 1104 2084 concludantur,
1119 2005 1181 2069 alia
1188 2003 1262 2092 jure

236 2088 493 2168 submoveantur,
508 2091 558 2154 vel
580 2087 817 2168 transferantur,
833 2089 894 2153 alia
913 2089 1115 2176 colligantur,
1132 2091 1180 2154 vel
1200 2090 1271 2176 ipsa·

235 2171 320 2236 inter
340 2173 371 2238 se
393 2187 593 2254 concurrant,
609 2176 659 2242 vel
682 2176 715 2238 in
736 2173 889 2240 diversum
911 2175 1119 2258 ambiguitate
1138 2174 1261 2241 ducan-

236 2269 306 2324 tut:
335 2259 424 2324 nulle
438 2259 502 2323 fere
517 2260 582 2323 dici
596 2261 706 2344 potest,
721 2259 812 2344 cujus
828 2279 890 2320 non
905 2273 993 2344 parte
1005 2261 1039 2320 in
1060 2258 1165 2344 aliqua
1178 2271 1260 2323 trao-

236 2353 322 2410 tatns
336 2345 421 2430 aequi
434 2363 471 2407 ao
485 2345 563 2408 boni
583 2343 755 2430 reperiatur
767 2357 788 2406 ².
834 2341 996 2429 Plerasque
1017 2365 1090 2406 vero
1111 2343 1170 2407 effe
1211 2344 1261 2409 uis
1269 2347 1317 2410 '16

236 2427 347 2507 nescit,
363 2451 436 2514 quae
456 2441 533 2494 totae
555 2429 587 2494 in
610 2430 673 2494 sola
694 2427 846 2514 qualitate
860 2429 1045 2492 confidant?
1071 2429 1109 2492 In
1126 2365 1263 2494 conliliis

238 2533 313 2577 vero
327 2535 399 2600 quae
414 2513 494 2578 ratio
513 2513 661 2580 suadendi
676 2517 717 2578 eli
732 2515 771 2577 ab
787 2513 905 2576 honelli
927 2512 1097 2599 quaellione
1109 2513 1237 2600 sepulita
1247 2517 1270 2578 l=

238 2597 353 2665 Quidh
372 2597 427 2662 illa
447 2599 541 2666 etiam
564 2621 635 2685 pars
650 2598 753 2677 tertia,
767 2619 837 2682 quae
852 2597 1001 2662 laudandi
1019 2619 1057 2667 ae
1070 2598 1270 2686 vituperandi*

237 2681 349 2746 officiis
357 2683 566 2750 continetur?
591 2688 718 2770 Nempe
733 2684 916 2748 intratiatu
934 2683 1012 2748 retii
1027 2685 1177 2770 pravique
1191 2703 1262 2750 ver·

236 2767 349 2846 smirc-
375 2769 437 2833 An·
451 2769 492 2833 de
503 2768 636 2855 justitia,
645 2769 840 2854 fortitudine,
858 2767 1042 2854 abstinentia,
1058 2771 1314 2857 temperantia,'17

263 2852 273 2886 ‘¹
285 2864 362 2932 tete,
372 2873 442 2917 non·
458 2853 596 2940 plurima
615 2854 701 2919 dicet
721 2856 850 2917 oratori
874 2853 927 2918 led
947 2852 1001 2916 ille
1015 2854 1063 2917 vir
1077 2855 1193 2934 bonus
1207 2855 1263 2942 qui
1313 2865 1316 2872 ’

263 2960 310 3002 oec
325 2959 389 3002 non
412 2939 543 3006 vocibus
564 2950 688 3002 tantum
711 2938 767 3001 fibi
787 2951 864 3003 nota
885 2951 981 3023 atque
995 2937 1191 3016 nominibus,
1205 2961 1263 3003 au·

238 3021 325 3094 rium¹
334 3023 490 3098 tenuatis
503 3022 730 3109 usterlinguae.
739 3024 924 3108 perceperit,
933 3023 984 3088 sed
998 3024 1054 3108 qni
1067 3024 1199 3089 virtutes
1213 3024 1263 3109 ip·

239 3105 287 3175 sas
298 3119 406 3170 mente
416 3106 612 3192 complexus,
624 3107 668 3170 ita
678 3109 801 3187 sentiet,
812 3129 871 3172 nec
885 3108 967 3174 inco
993 3108 1101 3172 itando
1114 3103 1160 3170 it'a
1172 3107 1262 3172 labo-

239 3190 337 3270 rabit,
351 3189 416 3268 led,
431 3192 517 3276 quod
532 3191 618 3272 sciet,
634 3215 708 3257 vere
723 3192 821 3258 dicet.
865 3191 948 3258 Cum
963 3132 1023 3256 dtd
1038 3203 1144 3261 autem
1157 3191 1263 3256 ,omnia
1277 3191 1316 3256 18

240 3273 407 3362 generalis⁴
420 3275 554 3362 questio
574 3275 701 3363 speciali
727 3277 897 3364 potentior,
922 3277 997 3361 quia
1023 3275 1167 3340 universo
1194 3297 1265 3362 paru

173 3417 177 3424 .
240 3358 433 3434 continetur,
448 3378 511 3426 non
527 3361 638 3446 utique
652 3361 879 3447 aceeditparti‚
894 3361 982 3446 quod
1003 3360 1177 3424 universum
1199 3363 1263 3425 elle

239 3442 387 3529 protetio,
411 3445 705 3524 nemadubitabit,
732 3445 893 3535 generales
921 3443 1104 3530 quaestiones
1139 3444 1172 3510 in
1207 3446 1277 3510 illo·

241 3528 379 3612 maxime
406 3528 576 3602 studiorum
601 3554 691 3597 more
718 3530 863 3596 versatas.
905 3531 1080 3596 Jam.vero
1109 3552 1183 3595 cum
1207 3531 1265 3598 sint
1279 3547 1317 3613 19

243 3613 348 3692 multe
370 3614 502 3698 propriis
528 3616 737 3701 brevibusque
765 3614 1091 3700 comprehensionibus
1117 3615 1266 3693 finienda,

243 3698 336 3786 unde·
342 3696 439 3784 'etiarn
456 3701 549 3765 llatus
562 3700 732 3766 caussarum
746 3699 1037 3788 diciturfinitivusr
1059 3700 1219 3768 nonnecd
1230 3699 1266 3764 id

277 3887 456 3964 t'rp'tanse'nl:
515 3868 601 3950 ‘nero
612 3903 642 3949 G.
653 3904 717 3956 Jenl.
783 3902 1093 3956 ¹.oratoriselt.Natniid.
1167 3906 1223 3952 zin
1234 3903 1266 3951 G.

244 3967 489 4030 ⁸'reper'iantnr'lenl.
554 3965 693 4016 b'nuinid.
757 3969 865 4016 ‘tenuis
876 3969 907 4015 G.
972 3967 1159 4017 lammens.
1258 4019 1260 4033 Ι

253 4113 336 4198 ’ζ”ηζζ
353 4129 482 4198 illiciendo]
514 4129 643 4202 Qalrpiu
670 4133 732 4186 retia
780 4132 883 4184 invitare
899 4141 923 4182 et
940 4130 1057 4200 prolicere
1073 4149 1130 4186 eum
1149 4131 1179 4186 ad
1194 4145 1279 4197 urse«.

193 4223 196 4232 ‚
244 4205 375 4275 quaedam:
390 4202 623 4274 interrogationibus
633 4219 731 4272 nempe,
778 4202 836 4252 dam
848 4201 966 4270 respond,
979 4200 1071 4270 quibus
1082 4201 1170 4254 deinde
1182 4199 1265 4268 impli-

246 4291 303 4345 quae
322 4267 384 4324 nihil
404 4270 435 4323 a'd
451 4287 501 4322 rem
512 4269 591 4322 lacere
608 4271 731 4333 videntur,
779 4282 856 4324 cetur.
