3026 4930
215 373 290 450 ¹138
479 375 525 438 M.
546 373 668 435 saun
690 371 1047 462 QUINC‘I'ILIANI⁴

227 547 342 604 contra
367 535 676 624 (namsrequentius
699 550 770 604 utar
790 536 902 604 iisdem
921 535 1113 607 diversarum
1132 557 1262 627 quoque

227 645 335 688 rerum
345 622 515 710 ,exemplia
531 645 598 711 quo
612 625 671 689 sint
685 624 789 712 magis
802 623 982 704 familiaria)
1002 624 1087 688 Saxo
1096 637 1195 712 ,atque
1204 629 1261 712 so-

209 717 213 724 '
227 708 367 774 situdinis
381 707 447 772 voci
461 710 644 796 respondeat,
662 709 853 858 bestiaeffle
869 709 1008 773 immanes
1024 723 1114 775 contu
1124 709 1260 796 flubium·

226 805 288 872 tor,
304 807 393 882 atquo
405 793 568 942 σονψῖὴινιι.
612 795 724 882 Magis
742 795 752 859 i
784 803 797 830 ⁰
815 794 1012 882 insurgebat,
1027 796 1047 859 fi
1063 811 1238 862 verteretur
1250 821 1258 860 ε
1270 811 1313 881 45

207 891 327 942 'namt
352 879 425 966 plus
447 901 465 942 e
491 927 501 958 ,
516 882 614 966 soma,
630 903 726 966 quam
751 877 853 965 bestias
867 881 1061 944 commoveri:
1083 880 1185 946 vicits
1210 894 1259 947 ta·

224 985 300 1028 men
323 965 561 1050 compostionia
581 963 689 1030 decor.
733 965 798 1031 Sed
822 963 1016 1030 transeamus
1036 967 1076 1030 ad
1097 987 1259 1032 numeros.

204 1058 207 1066 '
225 1049 344 1114 Omnis
359 1047 517 1134 strictiora
531 1073 568 1116 ac
584 1051 720 1136 dimensto
734 1063 767 1114 et
790 1050 933 1138 copulatio
947 1075 1051 1116 vocum
1065 1053 1184 1116 constat
1205 1065 1261 1118 aut

225 1135 369 1199 numeris
398 1141 562 1220 (numeros
585 1137 693 1218 ῥυθμὸς
716 1135 818 1222 accipi
841 1135 927 1218 volo)
952 1148 1010 1201 aut
1032 1137 1135 1220 μέτρῳ,
1151 1136 1184 1201 id
1204 1139 1259 1218 est,

205 1220 419 1284 dimensione
442 1221 592 1309 quadam.
638 1220 737 1288 Quod
759 1221 856 1286 etiarn
880 1221 922 1285 srr
943 1221 1065 1286 contat
1084 1235 1261 1310 utrumque
1347 1219 1349 1226 '

225 1305 373 1392 pedibus,
388 1306 487 1372 habet
500 1321 607 1372 tamen
623 1328 687 1370 non
710 1304 883 1391 simplicem
904 1305 1130 1372 differentiam.
1174 1310 1260 1374 Nam
1271 1309 1316 1390 46

225 1392 366 1478 rhythmi,
382 1392 435 1456 id·
457 1393 512 1472 est,
527 1392 664 1469 numeri,
684 1391 783 1478 spatio
804 1404 986 1478 temporum
1009 1394 1175 1457 constant:
1199 1419 1259 1458 me-

204 1489 276 1540 ·tro
289 1478 387 1540 etiam
402 1476 535 1542 ordine:
560 1477 697 1562 ideoque
717 1477 854 1540 alterum
879 1477 940 1541 effe
960 1477 1147 1564 quantitatis
1169 1479 1259 1544 vide-

224 1577 288 1641 tur,
304 1561 441 1626 alterum
456 1562 631 1650 qualitatis.
674 1559 793 1643 ‘Podpie
809 1573 865 1626 aut
878 1584 935 1649 par
948 1563 991 1626 est
1002 1569 1025 1641 ἲ,
1039 1574 1077 1626 ut
1096 1564 1258 1649 daslylus:

224 1669 322 1712 tinam
338 1647 424 1712 enirn
444 1647 595 1734 syllabam
635 1667 720 1711 arem
735 1647 885 1710 brevibus
900 1647 1010 1712 habet.
1054 1648 1106 1712 Est
1126 1649 1256 1736 quidem
1270 1664 1311 1733 47

223 1733 272 1796 vis
287 1732 399 1796 eadem
422 1745 455 1797 et
468 1733 538 1798 aliis
553 1671 702 1820 pedibus,
718 1731 769 1796 sed
786 1755 903 1797 nomen
917 1731 999 1797 illud
1020 1743 1132 1797 tenet:
1158 1736 1256 1820 (Lon-

218 1841 294 1904 gom
320 1817 381 1882 eise
401 1817 538 1883 duorum
566 1833 761 1906 temporum,
788 1817 904 1884 brevem
927 1818 1034 1897 unius,
1050 1818 1146 1884 etiam
1169 1821 1258 1907 pueri

222 1903 341 1985 sciunt)
360 1918 415 1967 aut
429 1904 588 1992 sescuplex
599 1918 625 1983 ¹¹,
641 1916 679 1969 ut
697 1919 804 1990 paeon:
826 1901 919 1990 cujus
937 1903 985 1968 vis
1000 1905 1042 1968 est
1056 1926 1097 1970 ex
1111 1904 1210 1993 longa
1223 1920 1258 1972 et

221 1987 326 2053 tribus
337 1988 504 2054 brevibus:
520 1990 642 2078 quique
651 1989 681 2054 ei
692 1988 882 2068 contrarius,
892 2011 933 2054 ex
943 1990 1046 2056 tribus
1060 1990 1212 2056 brevibus
1224 2005 1259 2056 et

199 2135 205 2143 .
221 2073 333 2162 longa,
348 2073 400 2159 vel
414 2075 477 2140 alio
492 2097 623 2163 quoquo
638 2074 737 2138 modo
747 2085 762 2114 ¹
781 2087 927 2162 tempora
945 2075 1006 2140 tria
1023 2073 1063 2139 ad
1078 2076 1145 2140 duo
1159 2076 1259 2142 relata

202 2159 398 2246 -sescuplum
422 2160 565 2226 ficiunt:
594 2172 649 2225 aut
669 2159 799 2246 duplex,
815 2171 852 2224 ut
873 2159 1010 2226 iambus:
1032 2183 1106 2225 nam
1128 2163 1172 2226 est
1193 2175 1257 2227 ex²

218 2245 313 2312 brevi
327 2257 361 2310 et
372 2245 489 2334 longa:
508 2246 630 2334 quique
639 2247 683 2310 est
696 2247 727 2310 ei
736 2244 925 2312 contrarius.
948 2242 1031 2312 Sunt
1044 2245 1122 2312 hiet
1132 2248 1257 2313 metrici
1268 2247 1311 2331 48

199 2447 203 2454 ’
257 2453 329 2502 ⁰om.
341 2449 372 2496 G.
383 2449 447 2496 lens.
528 2447 594 2495 sSic
605 2449 636 2496 G.
647 2448 711 2496 Jens.
722 2448 764 2496 etst
775 2447 815 2512 sifi
827 2447 996 2511 Regiuteconj.
1007 2447 1057 2496 vid.
1068 2460 1112 2498 not.
1188 2450 1259 2499 asic

224 2513 256 2560 G.
268 2523 289 2559 e!
300 2513 332 2560 al.
343 2523 379 2576 op.
392 2515 449 2562 Bur.
460 2512 569 2576 probante
581 2513 648 2560 ctiam
666 2513 748 2561 Liebio.
766 2515 825 2561 inest
841 2523 923 2560 tamen
939 2513 1106 2576 compositioni
1117 2515 1181 2562 lens.
1192 2527 1214 2563 et
1224 2516 1257 2563 al.

223 2579 366 2625 tomlens.
442 2579 496 2625 ⁸in
508 2591 611 2625 numero
622 2581 652 2628 G.
663 2579 727 2626 Jens.
803 2577 977 2628 ‘amiens'
1022 2577 1256 2642 ”sexcuplexsent

200 2643 359 2706 'sescuplum
371 2643 402 2692 G.
468 2651 481 2678 ¹
499 2643 578 2707 titinſs
590 2643 621 2692 G.
686 2651 700 2680 Ξ
716 2653 741 2690 et
752 2643 783 2691 G.

260 2839 279 2885 4
282 2840 305 2888 ς.
325 2823 536 2888 numerosissimis
550 2821 628 2890 accipi
643 2821 713 2887 volo]
764 2822 835 2876 nium
846 2824 960 2876 videtur:
980 2820 1011 2874 sie
1022 2821 1122 2875 facilius
1134 2823 1257 2894 intelliges

224 2893 353 2956 Nimirum
364 2909 474 2953 numeros
485 2893 571 2944 Latini
583 2895 659 2944 etiam
671 2909 715 2961 ap·
763 2894 851 2944 deinde
869 2906 924 2944 tum
942 2894 1049 2944 Fabium
1066 2894 1183 2955 nostrum,
1200 2906 1257 2947 tum

223 2962 317 3034 pellant
332 2959 459 3025 ordinem,
481 2972 507 3012 et
529 2961 714 3014 alternationem
764 2981 822 3030 quae
850 2961 942 3014 habent
971 2961 1014 3014 alii
1042 2961 1081 3014 vel
1103 2963 1204 3026 Musici,
1227 2977 1257 3016 ut

223 3031 353 3101 quafitem
372 3051 452 3093 orum,
463 3032 576 3101 brevium
589 3043 612 3083 et
628 3031 714 3099 longo·
764 3031 1093 3105 QinililianusAristides
1113 3031 1159 3083 lib.
1182 3051 1206 3084 1.
1226 3052 1254 3102 p.

223 3050 391 3170 summulis
409 3104 485 3156 etiam
504 3099 551 3152 fine
570 3102 623 3152 toni
642 3099 715 3152 diffe-
766 3121 808 3166 33.
823 3103 994 3170 Meib.quem
1010 3104 1084 3154 vertit
1100 3101 1187 3153 vitiose
1197 3102 1256 3156 satis
1298 3147 1300 3151 .

223 3174 303 3224 rentia
314 3172 346 3224 est
363 3189 390 3222 v.
401 3190 428 3241 g.
449 3173 475 3223 in
490 3182 663 3240 tympanorum
677 3169 714 3220 so·
764 3171 908 3222 Martianus
928 3169 1046 3240 Capella:
1075 3169 1114 3222 vel
1136 3171 1254 3234 rhetores,

200 3259 266 3300 ,no.
289 3243 314 3293 in
337 3240 488 3301 saltantium,
513 3240 539 3290 in
560 3241 715 3292 vibrantium
763 3255 793 3291 ut
804 3239 922 3292 Ruffinus
933 3239 999 3308 apud
1011 3241 1140 3292 Pithoeum
1151 3259 1178 3310 p.
1193 3259 1253 3306 313.

223 3331 302 3372 arana,
320 3314 345 3364 in
365 3311 489 3363 artificum
508 3311 665 3377 quorundam
685 3309 715 3360 si·
763 3311 818 3378 sqq.
845 3309 884 3361 vel
906 3310 1084 3371 Grammatiei,
1103 3320 1132 3360 ut
1154 3311 1255 3364 Marius

162 3424 163 3430 ,
224 3382 278 3434 mul
297 3398 362 3450 opus
381 3378 526 3434 facientium
542 3381 665 3441 motibus,
677 3376 715 3430 sa·
764 3379 909 3431 Visiorinus
927 3397 955 3448 p.
978 3385 1058 3443 2484.
1078 3379 1180 3432 Putsch.
1198 3380 1255 3433 Ple-

222 3455 326 3505 brorum
338 3469 363 3502 v.
376 3469 408 3520 g.
422 3449 515 3502 sermm
527 3451 552 3501 in
565 3449 653 3502 incude
664 3447 715 3500 for·
763 3449 856 3500 niffime
866 3459 949 3500 autem
961 3448 1024 3500 hanc
1035 3459 1146 3501 veterum
1162 3449 1255 3504 doari-

223 3525 358 3581 mantium,
377 3522 499 3572 victorum
519 3518 594 3571 doliis
613 3519 715 3588 adigen·
763 3535 832 3578 nam,
843 3533 904 3588 pene
917 3518 1052 3570 obsoletam
1068 3518 1152 3580 hodie,
1163 3521 1255 3573 trasia-

223 3595 288 3644 tium
299 3588 416 3650 circulos,
423 3590 593 3641 triturantium
605 3587 715 3640 frumen·
763 3588 801 3640 vit
813 3589 898 3655 jovita
914 3589 1038 3659 Rapicius
1053 3589 1177 3659 principio
1196 3607 1256 3659 ope-

222 3675 249 3712 ta
267 3659 373 3730 flagellis
392 3660 547 3721 rusticorum,
564 3659 659 3728 quibus
676 3655 715 3710 vel
763 3659 798 3710 ris
810 3661 840 3710 de
851 3675 954 3710 nurnero
964 3660 1082 3711 oratorio.
1109 3660 1163 3712 Nos
1174 3675 1255 3730 pauca

222 3732 316 3784 laboris
335 3729 469 3781 molestiam
489 3729 607 3790 solantur,
624 3729 663 3781 vel
679 3747 713 3780 ae·
762 3728 948 3789 adnotabimus,
971 3727 1018 3780 stne
1046 3729 1140 3798 quibus
1168 3747 1256 3800 nempe

198 3843 201 3848 .
222 3803 331 3868 qualiter
350 3815 436 3868 operas
459 3800 524 3850 inter
544 3799 567 3850 se
586 3799 713 3852 dividunt.
761 3795 893 3849 obscurum
905 3797 949 3849 ess'e
966 3799 1166 3870 Qiniiilian'um
1179 3798 1255 3852 lesio·

196 3911 202 3919 .
223 3873 281 3923 Hoc
299 3884 456 3922 numerorum
473 3885 552 3938 genus
570 3868 609 3920 hic
624 3869 714 3930 ῥυθμὸν,
762 3868 833 3920 ribus
845 3867 965 3938 plerisque
976 3869 1175 3920 arbitrabimur.·

223 3939 291 4010 quasi
321 3952 350 3990 tn
372 3940 562 3990 concinnitatem
588 3937 713 4008 quandam
798 3955 843 4002 47.
874 3935 918 3989 vis
944 3939 1030 3990 eadem
1057 3936 1128 4008 aliis]
1158 3939 1256 4008 Nem‘pe

123 4055 127 4064 ,
197 4051 201 4058 .
223 4020 363 4062 autmotus
380 4009 561 4076 proportionem
578 4009 713 4067 dicas,vo·
763 4005 885 4076 Spondeo,
897 4019 921 4058 et
938 4007 1082 4078 Anapaesio,
1100 4018 1125 4058 et
1141 4007 1255 4077 Amphi-

199 4091 274 4132 .eat.
302 4079 432 4144 Vid.'quae
444 4077 516 4143 supra
528 4079 670 4128 monuimus
681 4075 713 4128 ad
763 4077 866 4148 brachy.
894 4076 941 4128 Sed
961 4079 1006 4146 qui
1023 4079 1054 4130 de
1071 4077 1190 4148 rhythm0
1205 4075 1257 4128 solo

225 4169 250 4211 ι,
266 4169 308 4210 10,
321 4167 371 4199 ηε
390 4157 415 4197 et
433 4145 487 4216 lege
504 4147 530 4198 in
546 4147 634 4216 primis
650 4147 714 4198 Dio·
763 4147 922 4216 praecipiunt,
945 4147 981 4200 illi
1002 4141 1141 4200 bos‘etiam
1161 4146 1256 4216 dauyli

198 4219 316 4290 ‚nysam
338 4215 423 4268 Halic.
440 4217 471 4267 de
491 4216 623 4268 construsi.
642 4233 665 4267 c.
682 4233 713 4279 ¹⁷
762 4216 862 4268 nomine
890 4216 1110 4288 comprehendunt,
1132 4229 1163 4270 ut
1183 4217 1257 4272 docet

221 4293 303 4342 etat.
328 4288 380 4340 Hic
391 4286 464 4338 enim
480 4286 649 4340 disertissimus
660 4303 715 4338 om·
763 4297 822 4338 mox
834 4285 853 4337 s.
866 4290 910 4350 48.
