2942 4928
49 141 60 436 r

46 539 50 722 l

379 337 551 402 nusum.
571 337 781 403 onnuon.
802 338 886 398 utu.
900 340 985 400 vm.
1000 340 1030 402 6.
1186 342 1224 424 tl

117 519 154 570 12
170 502 214 568 Et
228 501 295 570 illa
311 500 493 585 Ciceronis,
511 503 597 602 Quid
614 503 692 569 enim
705 517 775 569 tuus
791 502 854 584 ille,
871 503 999 580 Tubero,
1016 501 1166 592 dssrr'blus
1185 505 1219 570 in

168 588 234 652 acie
249 587 431 677 Pharsalica
440 591 568 678 gladms
582 591 726 678 agebat?
750 591 841 678 Cujus
856 590 935 654 latus
951 589 1003 656 ille
1025 615 1122 656 mucro
1132 601 1230 692 pefe—¹
1340 611 1342 618 ’

169 665 222 738 b'at
231 677 252 738 ,Ρ
274 677 439 776 quisensus
453 688 519 739 erat
535 701 685 761 armorum
700 677 848 741 tuorum?
869 677 1065 764 Duplicutur
1087 677 1219 744 interim

167 759 241 828 haee
256 776 359 828 virtus
373 761 459 849 apud
472 761 662 850 Virgilium,
1144 785 1147 792 ·

297 939 387 954 --·
402 900 586 988 Fermmque
599 924 719 978 armare
730 923 855 968 veneno.

115 1039 151 1105 13
166 1021 258 1088 Nam
280 1033 315 1088 et
336 1031 471 1088 veneness
492 1045 623 1102 armare,
639 1033 673 1086 et
681 1019 807 1110 serrum
828 1037 957 1100 armare,
973 1021 1135 1088 transsatio
1158 1023 1215 1089 est.

166 1109 328 1174 Secantur
349 1109 420 1174 haec
442 1109 476 1172 in
521 1107 626 1172 lures:
651 1119 690 1172 ut
715 1128 735 1171 a
755 1105 901 1172 rationali
926 1106 967 1170 ad
992 1107 1158 1188 rationale,
1182 1122 1217 1174 et

166 1192 258 1258 idern
283 1194 325 1258 de
350 1131 599 1272 irrationalibuS,
614 1205 648 1258 et
672 1192 769 1258 haech
792 1191 944 1273 invicem,
961 1195 1081 1280 quibus
1104 1193 1214 1259 similis

165 1280 251 1344 ratio
272 1281 327 1360 est,
342 1293 377 1346 et
401 1303 421 1346 a
443 1293 528 1358 totu,
544 1293 577 1344 et
598 1300 619 1342 a
641 1279 797 1366 partibus.
842 1277 906 1344 Sed
924 1277 996 1368 jum
1017 1302 1082 1343 non
1106 1281 1215 1368 pueris

166 1365 387 1452 praecipimuS,
412 1378 461 1446 ut,
484 1377 618 1454 accepto
640 1387 770 1452 genere,
793 1364 913 1452 species
941 1363 1126 1452 intelligere
1148 1387 1215 1430 non

112 1467 156 1534 14
168 1453 298 1548 poffint.
344 1454 392 1518 Ut
414 1451 561 1516 modicus
583 1463 692 1516 autem
713 1463 810 1538 atque
830 1473 850 1516 o
872 1463 1031 1539 portunus
1050 1449 1119 1601 ejus
1139 1451 1216 1516 usus

166 1536 302 1602 illustrat
314 1538 491 1604 orationem
505 1563 513 1600 ι
528 1538 573 1602 ita
586 1535 633 1600 fre
657 1558 736 1601 nens
748 1549 782 1601 et
796 1537 838 1602 ob
854 1551 955 1618 curat,
968 1550 1002 1602 et
1011 1549 1053 1602 tae
1078 1537 1110 1601 io
1120 1559 1214 1601 com·

165 1623 258 1710 plet:
277 1625 453 1690 continuus
467 1645 541 1688 vero
556 1622 589 1687 in
605 1559 782 1712 aliegoriam
796 1634 830 1687 et
844 1623 1011 1710 aenigmata
1025 1624 1103 1691 exit.
1130 1625 1216 1690 Sunt

165 1709 317 1794 quaedam
332 1710 429 1775 etiarn
447 1708 587 1774 humiles
602 1708 842 1774 transsationes:
866 1721 905 1773 ut
918 1709 963 1789 id,
980 1709 1021 1774 de
1032 1728 1098 1796 quo
1113 1709 1215 1775 modo

114 1814 152 1881 15
167 1795 248 1876 dixi,
264 1794 366 1862 Saxea
382 1795 572 1884 estverruca.
609 1795 653 1859 Et
667 1793 813 1860 sordidae.
849 1794 1041 1874 Nonenirn,
1058 1795 1079 1859 fi
1095 1795 1214 1860 Cicero

165 1882 255 1948 redte
269 1883 425 1968 sentinam
448 1879 563 1969 reipub.
580 1879 673 1961 dixit,
696 1878 878 1945 foeditatem
898 1879 1070 1945 hominum
1093 1879 1213 1969 fignifi-

166 1991 254 2045 cans,
277 1967 406 2033 idcirco'
421 1969 553 2056 probem
569 1965 650 2032 illud
671 1988 803 2053 quoque
826 1966 942 2034 veteris
965 1966 1112 2045 oratoris,
1138 1969 1212 2030 Per-

155 2053 277 2141 secussi
306 2055 422 2143 reipub.
453 2053 594 2119 vomicas.
650 2051 850 2139 Optimeque
877 2051 994 2118 Cicero
1020 2052 1215 2118 demonstrat

166 2139 360 2220 cavendum,
373 2162 414 2205 ne
429 2139 467 2210 sn
480 2136 634 2204 deformis
649 2137 830 2203 transsatio:
877 2139 959 2203 ualis
974 2139 1018 2203 est
1037 2144 1125 2224 (nam
1141 2138 1219 2226 ipfis'

165 2223 235 2292 e'us
256 2237 329 2292 utar
351 2247 442 2290 exem
465 2224 519 2308 lis)
542 2223 710 2312 Crfiratam
730 2236 821 2288 morte
864 2223 988 2326 fricani
1010 2225 1142 2310 rempub.
1167 2237 1213 2306 et,

114 2313 154 2376 16
167 2248 286 2378 iterem
301 2247 583 2378 wriae'Glmciam.
627 2311 682 2374 Ne
697 2309 800 2374 nimio
814 2331 938 2398 major:
961 2321 1029 2390 aut,
1045 2310 1134 2398 quod
1155 2308 1212 2374 sae-

163 2397 237 2485 pius
260 2397 391 2480 accidit,
406 2397 524 2462 minor.
569 2397 624 2461 Ne
638 2395 817 2463 diffimilis:
842 2418 982 2496 quorum
997 2395 1145 2495 exempla
1159 2395 1211 2460 ni-

162 2483 270 2549 mium
293 2483 478 2570 frequenter
501 2482 732 2569 deprehendet,
748 2481 804 2568 qui
825 2480 930 2546 screrit
952 2481 1024 2547 haec
1039 2481 1117 2548 vitiu
1138 2481 1211 2548 effe.

165 2569 229 2635 Sed
252 2583 286 2634 et
300 2591 341 2634 eo
365 2570 395 2633 ia
410 2591 541 2656 quoque
557 2567 689 2632 modurn
706 2565 826 2654 egreffa
840 2565 953 2632 vitiosa
975 2569 1030 2646 est,
1049 2568 1212 2654 praecipue

114 2669 150 2739 17
164 2653 198 2720 in
213 2656 327 2721 eadem
342 2593 458 2742 lpecie.
495 2656 578 2719 Sunt
591 2666 625 2718 et
638 2653 739 2733 durae,
755 2653 791 2718 id
805 2653 861 2734 est,
875 2675 895 2718 a
908 2652 1087 2742 longinqua
1100 2652 1212 2720 funili-

164 2738 277 2808 tudine
293 2741 419 2808 duetae:
443 2753 492 2820 ut,
511 2739 626 2829 Capitis
641 2740 739 2818 nives,
754 2751 800 2821 et,

292 2860 415 2948 Jupiter
429 2858 569 2926 hibernas
583 2881 660 2922 cana
675 2857 747 2923 nive
760 2857 891 2947 coffpuit
904 2857 1011 2948 Alpes.

164 2995 203 3060 In
218 2991 278 3064 illo
290 3015 366 3060 vero
377 2991 558 3144 plurimum
573 2991 700 3073 erroris,
716 2991 805 3080 quod
820 3013 869 3074 ea,
883 3013 956 3081 quae
971 2993 1075 3082 poetis
1091 2994 1161 3084 (qui
1176 3009 1212 3062 et

162 3081 273 3148 omnia
282 3081 324 3146 ad
335 3103 377 3144 vo
391 3093 534 3166 uptatern
543 3079 695 3158 referunt,
705 3091 739 3144 et
751 3077 891 3178 plurima
902 3091 1025 3146 vertere
1035 3081 1131 3146 etiam
1144 3081 1214 3170 ipsa.
1239 3093 1242 3100 '

162 3163 1210 3260 metri¹neeeffitetecoguntnffi‘ermrffasunt,conveuirequidam

164 3375 208 3486 οἱ
226 3383 352 3422 uenenum
362 3367 782 3436 armareferrumettens.m›ad0se.
819 3413 822 3418 .
854 3365 1009 3422 huocJens.
1083 3367 1209 3424 ¹mentiri

199 3616 241 3665 ¹3·
260 3615 280 3650 a
290 3607 348 3662 toto,
359 3610 385 3653 er
400 3597 555 3668 apartibus]
574 3598 658 3652 Nimi-
746 3615 789 3662 ¹7·
799 3598 991 3669 Capitisnives]
1005 3600 1068 3654 Sunt
1077 3597 1141 3652 Hor.
1153 3601 1207 3656 od.

161 3686 216 3721 nnn
232 3681 313 3722 totam
330 3669 497 3740 synecdochen
508 3669 660 3739 metaphora
707 3685 737 3731 4,
750 3687 850 3733 13,12.
878 3671 932 3722 Nec
945 3669 1027 3731 illurn,
1039 3681 1112 3741 puto,
1124 3685 1207 3740 repre·

161 3752 341 3808 nonnunquam
359 3740 495 3806 subjiciunt
511 3741 622 3810 antiqui,
634 3751 660 3792 et
707 3737 794 3790 hendit
812 3739 1008 3814 Qinttilianus,
1026 3739 1066 3793 sed
1084 3739 1103 3794 st
1118 3741 1163 3810 qui
1182 3743 1209 3796 in

161 3810 211 3879 ipse
230 3808 388 3864 Aristoteles.
424 3809 486 3864 vid.
502 3809 568 3864 Vols.
586 3826 614 3874 4,
633 3813 660 3872 6,
708 3808 911 3862 solntaoratione
927 3807 958 3862 src
979 3808 1124 3879 loquantur.
1161 3813 1208 3866 In'·

164 3897 189 3932 ι.
707 3879 782 3930 terim
802 3881 984 3932 inuenturum
1007 3880 1138 3935 hominum
1158 3883 1207 3936 ser-

199 3948 648 4019 14.=dequonudodim]s,3,48.
708 3965 781 4000 mone
799 3949 849 4002 hoc
868 3949 972 4004 evaluit.
1010 3946 1209 4007 mutaturum

199 4039 241 4086 15.
255 4017 384 4089 sentinam
398 4017 477 4087 reip]
496 4019 576 4072 Catil.
592 4037 618 4081 ι,
632 4037 659 4084 ς.
707 4019 739 4070 de
750 4018 823 4083 Jove
834 4019 871 4072 Al
905 4037 917 4071 s
933 4021 1072 4092 conspuente
1089 4021 1122 4074 est
1133 4023 1207 4077 Furii

161 4101 223 4153 ιη,
235 4110 263 4155 4.
708 4087 838 4151 Bibaculi,
855 4037 1013 4144 afflictatio
1029 4091 1163 4145 derisrSat.
1179 4111 1207 4156 ι,
1268 4157 1271 4162 Ι

197 4179 208 4211 r
215 4177 240 4226 5.
260 4161 345 4214 Cicero
353 4155 513 4232 demonstrat]
532 4159 572 4212 De
583 4161 658 4216 Orat.
710 4176 739 4224 ς,
750 4177 797 4222 41,
808 4172 838 4212 ut
850 4159 887 4216 ibi
899 4177 944 4216 nne
956 4160 1093 4216 t‘chuliutes
1104 4163 1187 4216 docet.

159 4247 245 4298 ,3,41.

724 4317 783 4381 ¹4
