3014 4918
236 405 298 470 304
479 393 526 458 ta
546 398 668 458 rann
689 373 1053 458 numerarunt

234 567 306 622 tnta
324 557 465 626 bominis
484 560 645 626 summurn
665 559 777 638 babet,
796 557 993 626 consecutos.
1035 557 1130 624 Nam·
1146 569 1181 622 et
1203 555 1318 648 Py-rq

234 643 421 730 sbagoraa',
444 667 507 708 non
522 645 690 734 firpiaentem
709 645 752 721 se,
767 655 827 708 ut'
848 645 906 742 qui
927 659 1002 708 ante
1026 666 1099 708 cum
1124 641 1266 726 fuerunt,

233 725 287 792 scd
299 728 463 814 studiofimr
477 730 640 818 sapientia
653 729 759 794 vocari
779 727 893 794 voluit.
936 729 1009 818 Ego
1027 743 1134 794 tamen
1151 727 1265 796 secem-

233 809 311 876 dmn
334 837 539 880 communem
559 813 711 900 loquendi
733 813 993 878 consuetudinem
1015 811 1096 900 saepe
1115 814 1196 895 dixi,
1213 815 1265 882 di-

233 919 382 984 camque,
403 899 562 986 perfeetum
584 913 726 964 oratorem
743 899 803 962 effe
825 899 1027 976 Ciceronem,
1043 913 1081 962 ut
1096 897 1217 964 amicos
1231 913 1267 964 et

233 981 319 1046 bonor
333 984 425 1060 viror,
441 996 474 1048 et
492 983 634 1072 pmdaenti
668 1009 727 1048 mor
746 981 883 1048 dicimus
905 983 1018 1070 vulg0‚
1031 1005 1168 1068 quorum
1184 983 1267 1049 nihil

234 1067 289 1130 nifi
306 1065 445 1154 perfecie
465 1067 598 1155 sapienti
661 1083 724 1134 tur.
769 1069 833 1132 Sed
851 1091 927 1134 cum
948 1069 1084 1156 proprie,
1100 1083 1135 1134 et
1153 1069 1194 1132 ad
1217 1069 1266 1134 le·

231 1173 308 1238 gem
325 1153 420 1240 ipsam
437 1154 577 1218 veritatis
597 1151 794 1241 loquendum
809 1153 883 1232 erit,
899 1176 973 1218 cum
995 1142 1135 1239 quaeram
1157 1169 1265 1218 orato-

233 1259 313 1316 rem,
337 1261 434 1324 quem
457 1253 491 1304 et
514 1239 569 1302 ille
592 1240 767 1326 quaerebat.
799 1239 1018 1324 'Quamquam
1046 1237 1132 1302 enim
1157 1229 1266 1304 stetisse
1275 1255 1318 1304 20

232 1321 334 1406 ipsum
361 1323 392 1385 in
418 1321 540 1408 fastigio
564 1323 757 1410 eloquentiae
781 1321 897 1402 fateor,
920 1345 958 1386 ac
982 1323 1047 1400 vix,
1070 1317 1149 1408 quid
1171 1321 1267 1409 adjici

232 1407 372 1492 potuerit
381 1419 408 1488 ¹,
422 1408 563 1484 invenio,
579 1407 702 1474 fortasse
716 1407 903 1470 inventurus
914 1419 940 1484 ²,
955 1405 1065 1492 qnod³
1085 1405 1193 1472 adbuc
1206 1410 1266 1474 ab·

232 1491 393 1556 sciffurum
415 1505 528 1588 putem
541 1490 642 1570 luisse,
660 1500 746 1576 (nam
769 1490 835 1554 sere
856 1491 896 1554 fic
919 1491 1004 1556 dccli
1024 1491 1266 1576 judicaverunt,

227 1577 391 1664 plurimum
415 1601 447 1640 m
470 1602 501 1640 eo
527 1578 685 1656 virtulum,
706 1575 844 1640 nonnihil
859 1575 956 1664 firiffe
981 1578 1122 1642 wionem
1135 1604 1146 1640 .·
1159 1625 1165 1633 -
1180 1593 1216 1664 ef.
1235 1581 1267 1644 se

231 1661 296 1746 ipse
310 1661 413 1724 muita
433 1683 471 1725 er
486 1662 541 1725 illa
555 1661 693 1749 juvenili
712 1661 910 1726 abundantia
930 1661 1100 1728 coercuisse
1121 1657 1264 1745 testatur)

232 1757 341 1810 tamen
354 1745 483 1832 quando
498 1769 559 1810 nec
573 1745 719 1834 sapientis
738 1747 796 1810 fibi
816 1767 946 1826 nomen,
963 1746 1097 1812 minime
1116 1747 1164 1810 sui
1186 1769 1266 1812 con-

231 1843 363 1910 temtor,
388 1829 536 1910 asseruit3
568 1847 600 1896 et
625 1831 742 1896 melius
767 1831 887 1911 dicere,
909 1845 995 1896 certe
1021 1831 1094 1896 data
1120 1831 1269 1916 longiore

232 1915 309 1992 vita,
330 1921 386 1979 etb
411 1929 528 1980 aetate‘
555 1915 595 1980 ad
619 1915 878 2002 componendum
902 1915 1069 1995 securiore,
1095 1916 1265 2002 potuissetr

234 2022 298 2064 non
323 2000 466 2087 maligne
489 1999 691 2078 crediderim,
714 1998 844 2064 defuisse
869 2001 900 2065 ei
921 2002 1078 2066 summam
1102 2001 1205 2079 illam,
1226 1999 1268 2071 ad

232 2107 331 2170 quam
347 2107 442 2150 nemo
456 2085 585 2180 propius
600 2083 735 2148 acccffit.
778 2087 822 2148 Et
841 2084 971 2164 licebat,
987 2087 1006 2148 fi
1028 2086 1147 2148 aliter‘¹
1168 2086 1315 2154 senti-21

233 2191 314 2250 rem,
330 2169 444 2234 fortius
458 2168 491 2232 td
512 2183 545 2234 et
558 2169 688 2234 liberius
703 2167 886 2234 defendere.
933 2173 984 2234 An
1007 2192 1081 2234 vero
1095 2171 1144 2236 M.
1159 2171 1266 2236 Anto·

234 2255 308 2318 niue
332 2255 472 2318 neminem
497 2279 516 2316 a
556 2255 689 2340 eorsum
714 2254 903 2341 eloquentem,
926 2254 1015 2338 quod
1043 2267 1133 2318 tanto
1160 2255 1275 2323 minue

233 2353 313 2418 erat,
334 2337 486 2424 professus
504 2360 524 2401 e
557 2363 569 2416 3
591 2338 656 2438 ipse
677 2337 774 2402 etiam
796 2338 1266 2424 Μ.”Γυ11ἰιιεᾳιιιιενὶιαάΙηιεε

235 2448 311 2505 eum,
326 2437 360 2488 et
374 2434 499 2488 tantum
513 2423 706 2509 imaginatur
719 2444 757 2488 ac
771 2421 896 2510 fingit,
908 2445 972 2511 ego
986 2445 1050 2488 non
1067 2425 1201 2488 audeam
1215 2424 1267 2488 di·

270 2643 504 2705 rrymgonmo.
570 2643 697 2693 varens.
768 2643 927 2704 wamma
991 2643 1107 2691 zano.
1181 2617 1314 2706 squu'

237 2707 343 2757 alens.
408 2705 553 2756 eamdem.
618 2707 712 2756 ‘seG.
778 2707 947 2757 ‘uiudleut
1012 2709 1152 2756 ‘huncG.

273 2903 317 2951 ¹9·
341 2881 505 2953 Pythagoras]
528 2883 659 2935 Notisl'nna
677 2883 727 2935 his-
775 2881 947 2944 misianum,s1
966 2883 1047 2948 majus
1066 2883 1129 2952 quid
1147 2883 1179 2934 de
1191 2885 1267 2939 Cice.

235 2956 300 3007 toria
312 2952 390 3004 velex
402 2952 551 3004 cic.Tusc.
565 2971 592 3018 5,
605 2971 630 3016 3,
643 2953 728 3004 Artem
745 2959 749 2964 '
775 2969 833 3003 rone
851 2949 972 3012 sentim,
986 2951 1078 3003 fortius
1093 2952 1229 3016 defendere,
1241 2965 1267 3006 et

253 3023 332 3074 uidem
338 3023 368 3091 se
377 3020 444 3089 scire
453 3020 555 3082 nullam,
558 3023 608 3091 sed
615 3022 658 3092 ff
670 3021 728 3090 pti·
775 3020 855 3090 ipsum
866 3039 910 3090 pro
921 3019 1030 3091 perfetio
1041 3021 1201 3092 undiquaque
1211 3041 1266 3076 ora·

234 3041 351 3164 bsrphum
366 3092 415 3142 &e
775 3101 829 3142 tore
837 3091 946 3142 laudare.

205 3205 210 3214 .
274 3157 561 3228 20.musracoercu{ffete
579 3159 728 3226 atur]Bru-
812 3177 855 3211 21.
874 3161 915 3212 M.
928 3157 1057 3225 Antonius]
1078 3159 1136 3211 Cic.
1150 3161 1222 3210 Orat.
1239 3179 1265 3227 5,

236 3241 265 3284 to
280 3247 304 3282 e.
318 3228 404 3296 9r‚de
423 3227 534 3288 Molem,
560 3229 657 3281 sdedit
673 3239 727 3298 rpe-
777 3227 818 3279 M.
839 3227 1014 3280 Antonius-in
1031 3245 1057 3278 eo
1073 3227 1133 3280 libro
1165 3245 1218 3279 uem
1235 3248 1265 3280 u-

236 3316 296 3353 ram
313 3297 353 3365 (ſs
368 3297 433 3347 modo
444 3296 472 3346 t'd
485 3297 591 3367 consequi
595 3297 688 3366 potuit)
700 3309 728 3350 ut
777 3313 835 3349 num
852 3297 898 3348 rel‘
913 3297 958 3357 uit,
970 3296 1068 3366 disertos
1086 3298 1124 3350 ait
1132 3247 1164 3366 sl
1179 3297 1268 3368 eridiffe

236 3367 309 3422 nimis
325 3365 489 3418 redundantes
504 3383 555 3426 nos,
571 3375 597 3416 et
605 3366 727 3445 sirperfla-
777 3365 871 3428 maltos,
880 3315 1024 3436 eloquentem
1035 3365 1126 3418 omnino
1138 3368 1266 3423 neminem.

235 3447 303 3492 enter
318 3435 426 3506 quadam
442 3433 537 3486 dicendi
549 3434 728 3502 impunttateet
776 3436 893 3517 Legenda
912 3437 968 3486 sunt
987 3433 1061 3486 etiam
1081 3437 1176 3506 reliqua
1192 3437 1266 3502 hujus

236 3505 346 3566 licentia,
362 3503 514 3572 reprimeret,
532 3515 557 3555 rt
571 3503 638 3573 quast
651 3515 727 3558 extra
776 3503 824 3556 loct
842 3505 975 3556 admodum
986 3503 1017 3556 ad
1028 3505 1090 3556 hanc
1103 3525 1153 3557 rem
1169 3523 1267 3557 accom.

236 3573 448 3648 ripardrffuentes
458 3583 583 3625 coerceret.
731 3579 736 3588 ’
776 3574 892 3625 modata=
910 3585 934 3626 et
951 3575 1005 3625 sunt
1021 3593 1063 3644 per
1080 3587 1161 3626 totum
1172 3574 1266 3644 librum

276 3665 320 3699 rr.
333 3641 471 3700 alliserat.
477 3641 502 3710 fi
510 3642 597 3708 aliter]
616 3643 653 3695 Η.
665 3659 688 3694 e.
702 3643 728 3696 Si
775 3643 855 3714 sparsa
870 3643 940 3705 talia,
952 3645 1044 3711 quibus
1063 3645 1163 3704 indicet,
1175 3645 1197 3694 se
1213 3641 1266 3696 for.

236 3717 322 3770 minue
336 3711 469 3765 honorifice
485 3713 596 3764 sentirem
613 3711 727 3764 decice-
776 3729 842 3764 mam
871 3714 975 3765 oratoris
1003 3731 1121 3782 quaerere,
1144 3723 1266 3767 oratorem

236 3803 305 3846 rone,
317 3783 406 3835 licebat
424 3779 506 3842 hodie,
517 3783 563 3833 ubi
574 3777 742 3835 insellatoree'
776 3783 906 3836 monstrare
922 3783 1004 3850 digito
1020 3782 1058 3833 vel
1075 3801 1134 3834 voce
1147 3789 1198 3832 'non
1210 3783 1265 3852 pos-

237 3858 274 3910 ita
290 3853 382 3905 multoe
392 3852 478 3912 habet,
490 3851 536 3903 ubi
545 3853 672 3920 regnatrix
682 3851 728 3903 db-
776 3851 816 3904 se:
836 3851 883 3915 vel,
896 3865 925 3904 ut
941 3852 989 3920 ipse
1001 3851 1110 3920 loquitur
1128 3869 1151 3903 c.
1167 3871 1192 3913 2,
1210 3869 1266 3922 per.

237 3939 305 3984 mut,
325 3923 358 3973 ob
378 3932 475 3992 partem*
488 3921 568 3972 adhuc
585 3919 639 3972 odit
661 3917 729 3973 illim
777 3919 870 3974 fenum
893 3921 1078 3990 illud-quatit,
1097 3921 1165 3990 quod
1187 3938 1266 3990 neque

236 3993 393 4052 maneriam,
415 3987 506 4042 fortius‘
529 4001 553 4042 et
575 3989 677 4043 liberius
697 3991 728 4042 de
776 3992 869 4053 oculis,
891 4007 970 4060 neque
991 3989 1101 4051 auribus,
1124 4007 1198 4070 neque
1219 3989 1267 4052 zello

237 4063 281 4117 illo
300 4061 390 4112 dicere.
426 4060 473 4112 An
490 4061 526 4110 ita
543 4061 639 4130 potius,
659 4061 737 4131 quod'
768 4060 841 4130 senfir
848 4059 943 4130 percipi
949 4059 1037 4129 potest,
1057 4059 1197 4128 cogitattrne
1208 4070 1266 4110 tan-

237 4143 338 4204 propter
352 4140 494 4198 perpetuam
505 4129 633 4181 Ciceronis
645 4131 669 4182 in
680 4129 737 4182 hoe
776 4139 828 4180 tum
839 4127 863 4181 et
873 4139 951 4180 mente
961 4125 1145 4196 comparemur.
1171 4129 1267 4180 Similia

237 4218 311 4271 opere
333 4199 519 4250 admirationem
540 4197 590 4250 sere
611 4199 728 4270 probabi·
776 4215 808 4249 ex
826 4197 927 4269 persona
947 4197 1023 4250 Craffi
1043 4197 1073 4250 de
1091 4201 1163 4252 Orat.
1185 4218 1209 4266 3,
1223 4216 1267 4261 aa,

238 4271 288 4326 lius
298 4268 412 4335 videtur,
427 4267 531 4322 Licebat
539 4267 609 4332 mibi,
619 4286 662 4342 per
673 4270 727 4325 Do·
776 4267 815 4338 sq.
