3026 4930
244 427 299 525 88¹
483 427 530 488 Μ.
551 425 674 496 FABII
697 425 1043 502 oulNcTILIANI
1111 459 1117 478 ι

245 577 371 654 Famem
395 590 454 656 Vir
478 590 563 671 ilius,
579 592 634 657 ut¹
662 591 848 681 Voluptatem
872 616 909 657 ar
935 593 1085 658 Virtutem
1109 595 1122 676 (
1147 591 1280 658 nemod-

243 675 421 741 modum'a
444 615 661 764 iicnnphonte
683 679 831 759 traditur)
859 677 1024 758 Prodicus,
1040 690 1078 743 ut
1140 691 1229 744 ortem
1243 704 1280 744 oc

247 761 362 842 Vitam,
379 785 458 851 quas
480 763 712 830 contendentes
737 764 770 828 in
791 765 904 851 Satyra
924 765 1021 828 tradit
1045 765 1182 831 Ennius.
1226 767 1279 830 Est
1290 777 1332 848 37

241 844 277 911 ei
299 847 428 913 incertae
442 859 462 890 ¹¹¹
487 849 627 938 personae
649 851 723 915 flua
744 849 867 915 oratio:
891 849 954 914 Hie
979 849 1101 938 aliquis,
1124 863 1168 930 et,
1184 849 1279 916 Dicat

242 931 364 1020 aliquis.
408 933 463 998 Est
486 949 520 998 et
539 935 646 1022 jutius
668 935 731 1002 fine
753 935 883 1022 persona
907 935 1019 1017 sermo,
1045 933 1107 1000 Hie
1131 935 1279 1026 Dolopum

241 1041 358 1099 murus,
375 1019 422 1084 hie
432 1021 541 1106 saeuus
557 1021 695 1086 tendebat
713 1021 856 1086 Achilles.
900 1022 1000 1087 Quod
1022 1021 1057 1086 fit
1078 1021 1218 1086 mixtura
1239 1022 1278 1086 fi-

240 1125 406 1190 gurarum,
422 1128 498 1170 cum
519 1104 730 1188 operueeeruiu
752 1106 875 1172 accedit
891 1105 957 1186 illa,
973 1131 1046 1195 quae
1068 1107 1113 1172 est
1127 1108 1279 1174 orationis

240 1209 296 1338 ulcr
324 1188 556 1255 detrudiionem
571 1201 607 1255 ¹²:
642 1191 819 1258 detratium
849 1191 893 1256 est
921 1192 1020 1272 enim,
1049 1194 1116 1282 quis
1142 1194 1280 1258 diceret?

275 1274 389 1340 ertit'ur
412 1277 499 1340 enim
525 1276 654 1340 interim
676 1274 887 1356 ωροσωποποιΐα
908 1276 940 1341 in
963 1277 1099 1364 speciem
1116 1279 1277 1344 narrandi.

241 1360 339 1425 Unde
364 1374 399 1426 et
421 1361 505 1448 apud
529 1361 691 1426 historicos
713 1381 747 1432 re
790 1362 915 1427 riuntur
940 1363 1082 1512 ⁰b¹iiuae
1107 1363 1278 1430 allocutio·

240 1467 317 1512 nest
340 1447 433 1512 utin
456 1449 494 1511 T.
511 1445 595 1511 Livii
614 1445 720 1533 primo
787 1447 848 1511 tim
870 1441 967 1527 libro,
1016 1448 1082 1512 rb'es
1104 1473 1229 1536 quoque,
1243 1462 1279 1516 ut

149 1583 153 1590 .
240 1545 348 1612 cetera,
363 1557 399 1596 ex
413 1532 512 1619 infimo
526 1531 631 1619 nasi.-
653 1532 770 1612 deinde,
786 1555 860 1620 quas
871 1539 885 1566 ⁰
897 1534 962 1622 suu
986 1533 1086 1598 virtus
1108 1557 1143 1598 oc
1162 1534 1207 1598 dii
1217 1535 1277 1622 ju·

238 1630 323 1696 veut,
339 1639 466 1704 magnas
481 1631 545 1705 opes
549 1555 613 1702 seii
627 1629 849 1717 magorumquep
863 1643 967 1684 uomere
973 1618 1094 1706 fucere.
1137 1618 1276 1684 Averius
1288 1614 1330 1702 38

237 1723 369 1850 puoque
383 1725 404 1766 a
417 1701 531 1788 judice
546 1703 659 1782 sermo,
675 1703 733 1789 qui
748 1703 866 1768 dcitur
889 1704 1046 1786 ἀποςροφή,
1061 1703 1141 1770 mire
1155 1718 1275 1784 movet,

250 1809 301 1852 ive
324 1787 514 1852 adventitios
536 1788 718 1854 invadimus
730 1801 755 1868 ⁴,
773 1789 856 1854 Quid
877 1789 953 1853 enim
975 1801 1043 1853 tuus
1064 1790 1128 1869 itte,
1149 1790 1276 1871 Tubero,

238 1871 271 1936 iu
295 1875 359 1937 acie
382 1874 560 1961 Pharsalico
583 1875 709 1960 gladius
728 1875 869 1972 agebat?
890 1875 953 1938 slve
974 1874 1015 1938 ad
1040 1875 1290 1941 invocationem

238 1957 380 2046 aliquam
394 1959 622 2039 convertimur,
643 1960 698 2024 Vos
713 1985 790 2024 erum
801 1961 873 2047 jam
888 1984 951 2047 ego,
966 1959 1085 2024 Albani
1102 1960 1210 2026 tumuli
1225 1974 1275 2025 et-

238 2065 295 2131 que
308 2043 390 2108 luci:
413 2045 474 2108 five
488 2044 529 2110 ad
543 2043 729 2110 invidiosam
744 2045 1013 2132 implorationem,
1032 2046 1060 2110 0
1074 2044 1152 2134 leges
1166 2058 1176 2086 ¹
1198 2049 1277 2112 Poe-

237 2129 305 2209 ciae,
322 2128 455 2218 legesque
471 2129 652 2219 Semprouiae
663 2133 675 2195 !
696 2129 759 2196 Sed
780 2131 838 2195 ille
858 2153 989 2218 quoque
1004 2145 1137 2196 vocatur
1149 2133 1274 2220 uetusto,
1287 2146 1329 2213 39

237 2235 310 2304 quae
324 2237 344 2281 a
356 2216 514 2304 propostta
528 2217 700 2305 quaestione
715 2214 848 2284 obducit
862 2216 1061 2297 audientem,

323 2336 395 2400 Non
409 2361 462 2422 ego
476 2361 540 2401 eum
555 2334 678 2402 Danais
694 2333 856 2426 Trojonum
870 2333 1053 2422 exscindere·
1065 2346 1183 2423 gentem

320 2419 435 2487 Aulide
438 2422 564 2512 juravi.
578 2455 706 2475 ---

236 2540 339 2610 Quod
361 2542 398 2606 fit
421 2552 455 2606 et
477 2539 590 2606 multis
615 2551 651 2606 et
674 2538 769 2607 variis
791 2537 914 2628 figuris,
930 2561 1005 2606 eum
1028 2552 1085 2606 aut
1105 2540 1195 2608 aliud
1217 2563 1273 2608 ex-

269 2727 318 2777 'et
328 2729 392 2778 Jens.
457 2733 477 2761 ¹²
495 2728 740 2792 incertepersonaid.
804 2729 1031 2780 *demutationem
1041 2729 1074 2779 G.
1139 2736 1230 2796 ‘quos
1242 2729 1274 2782 G.

235 2794 459 2910 {magnumtent
540 2795 701 2845 tinvafimus
712 2795 744 2843 G.
755 2793 820 2844 tens.
901 2797 969 2844 rlex
979 2797 1062 2846 Porcio
1074 2795 1104 2844 G.
1182 2799 1274 2846 ¹exci-

253 2874 334 2909 ere.

274 3011 317 3074 3⁶·
343 3007 444 3061 Famem
464 3007 593 3076 Vergilius]
616 3007 683 3062 AEn.
701 3025 731 3072 4,
780 3007 928 3062 occasionem
939 3007 1038 3062 dediii'e.
1138 3024 1143 3042 ⁸

238 3077 527 3200 'nn-‘iif'mphtft
544 3083 689 3199 Ψ
816 3075 952 3198 ”nis
971 3076 1104 3199 itii&
1123 3077 1213 3198 {tit
1226 3087 1271 3198 :t

239 3155 730 3298 ¹·,75‘1tftttstu‘tgtt;
778 3163 835 3269 tt
859 3164 981 3268 eiiii}
998 3163 1149 3276 nn’rim
1166 3165 1271 3268 eiu?

235 3303 292 3356 quae
306 3287 338 3358 est
350 3295 398 3356 per
413 3287 589 3338 detrattionem
605 3287 729 3340 oraturis.
770 3285 826 3352 filio
838 3294 942 3355 patrum
960 3284 1073 3336 Romulus
1093 3283 1185 3366 legatos
1203 3283 1271 3338 circa

237 3357 277 3409 Sic
290 3370 418 3426 utcunque
430 3355 588 3426 intelligitur.
615 3355 729 3410 SedGo'-
778 3353 879 3410 victus
892 3365 978 3422 gentes
994 3352 1064 3422 misit,
1078 3371 1119 3424 qur
1129 3353 1271 3426 florietaterr

236 3426 329 3480 thanus
350 3437 443 3487 monet,
465 3438 495 3478 ut
518 3426 631 3496 suspicer,
655 3426 730 3480 latere
777 3423 964 3493 coenobiumque
973 3441 1039 3476 novo
1045 3423 1131 3494 populo
1138 3433 1269 3492 peterente

236 3495 279 3554 hie
297 3496 393 3566 aliquid
412 3497 443 3548 de
461 3495 603 3551 abstrufiore
621 3493 664 3547 ilia
684 3511 729 3547 no-
748 3529 750 3535 ·
780 3493 857 3546 Urbes
867 3509 956 3564 queque
966 3495 1017 3547 dcc.
1029 3495 1141 3565 intellige
1150 3494 1271 3549 dicerent·

235 3569 304 3622 tione
323 3569 394 3620 verbi
419 3567 533 3620 trauan
556 3579 581 3617 et
603 3565 729 3626 trattatio,
777 3580 831 3634 que,
843 3564 882 3616 vei
894 3563 969 3616 fimile
980 3564 1110 3634 quiddam.

236 3655 314 3706 quam
336 3655 367 3690 ex
389 3649 481 3706 quarto
504 3637 536 3686 ad
566 3637 658 3686 Heren.
681 3651 728 3698 42,
816 3639 857 3698 38.
872 3633 1091 3704 Qidenimtuus]
1107 3635 1270 3704 ProLigario

254 3725 371 3779 roponam
385 3704 529 3770 breviter,s1
546 3705 605 3773 quis
616 3702 679 3756 forte'
692 3704 728 3757 fe·
778 3721 800 3754 c.
818 3722 842 3768 3.
860 3703 932 3774 Qud
942 3703 1017 3765 enim,
1028 3702 1132 3765 Tubero,
1145 3704 1272 3774 destritius
1319 3717 1327 3726 ·

235 3725 310 3832 iicior
320 3794 405 3830 verum
416 3775 508 3828 videat.
525 3771 728 3829 Commutabimus
776 3772 817 3827 ille
827 3783 884 3825 tuus
900 3773 927 3826 ire
944 3773 998 3826 acie
1013 3771 1157 3845 Pharsalica
1169 3774 1271 3842 gladius

235 3847 403 3917 (expoliendo
430 3845 550 3897 orationis
574 3843 647 3896 causa
670 3861 728 3896 een·
776 3841 893 3912 egebat?
916 3843 1046 3905 Alterum,
1065 3845 1110 3900 Vos
1126 3843 1190 3896 enim
1200 3844 1271 3912 jam,

234 3918 293 3969 dem
311 3917 376 3983 rem)
397 3913 536 3982 tripliciter,
557 3913 654 3976 vertis,
668 3923 728 3982 pro·
776 3914 856 3966 estex
872 3912 1012 3966 Miloniana
1029 3932 1054 3966 c.
1074 3931 1117 3980 31.
1148 3914 1270 3967 Tertium

233 3986 380 4047 nuntiando,
396 3983 728 4046 uadando-tmdmdo„ii
777 3982 803 4034 in
822 3985 892 4035 Verr.
908 4001 933 4048 5,
946 3987 990 4048 63.
1009 3983 1032 4034 0
1050 3984 1105 4036 Lex
1123 3981 1222 4043 Porcia,
1234 3982 1269 4034 le-

226 4055 377 4128 sententr'am
394 4053 546 4124 trajiciemus
562 4063 609 4113 aut
627 4056 662 4106 ad
680 4054 728 4106 ser·
771 4069 806 4120 ge
816 4070 860 4121 que
889 4052 1055 4122 Sempronia!
1084 4051 1146 4106 illud
1174 4063 1269 4112 autem,

234 4126 435 4185 mocinationem,
447 4134 494 4176 aut
510 4125 546 4175 ad
559 4123 727 4182 exsuscitatio·
803 4139 833 4174 on
851 4139 894 4190 ego
913 4140 967 4174 cum
984 4122 1094 4184 Danais,
1110 4121 1142 4173 est
1160 4123 1226 4174 AEn.
1239 4137 1268 4184 4,

234 4214 291 4249 nem
313 4191 361 4250 dic.
392 4192 466 4245 litem
483 4193 656 4247 trattationem
677 4209 728 4246 non
776 4195 840 4254 426.
867 4193 982 4262 Denique
998 4193 1066 4260 quod
1078 4189 1191 4264 proximo
1207 4189 1271 4244 libro

233 4265 392 4326 intellediam,
435 4273 508 4333 puto,
550 4263 728 4334 cormmpendo
776 4261 852 4327 dixit,
864 4260 898 4316 est
910 4265 935 4325 8,
950 4263 1032 4328 3,68.

232 4335 316 4408 gioffu
335 4346 361 4389 et
382 4333 565 4388 mutationibus
589 4333 648 4388 huic
672 4333 728 4388 loco
