2942 4928
202 487 226 499 s·
249 467 289 535 50
500 453 547 516 nr.
568 453 690 514 rami
713 420 1085 514 curucrrmaur''

248 609 434 704 ¹nitudinem
457 617 635 684 adolescere
655 619 767 706 potest,
804 617 870 684 uocl
891 615 977 698 loco,
994 617 1026 681 in
1049 637 1147 706 quem
1166 613 1297 696 crescat,

253 717 353 770 caret.
383 705 464 769 Nec
475 703 617 853 guttura,
631 703 666 768 iu
680 728 744 792 qua
758 641 840 770 nillil
856 704 1075 770 circumlitum
1090 705 1146 783 est,
1161 701 1296 767 eminet.
1336 715 1341 722 '

254 789 398 878 Ideoque
412 790 471 856 arti
497 811 561 871 ces,
573 791 670 854 etiam
684 813 758 856 cum
770 791 863 878 plura
878 791 911 855 in
927 811 1025 856 unarn
1042 789 1186 854 tabulam
1202 809 1299 874 opera

253 875 474 955 contulerunt,
501 875 609 966 spatiis
631 876 843 966 distinguunt,
866 899 907 942 ne
929 877 1054 942 unrbrae
1079 875 1112 940 in
1144 875 1297 964 corpora¹

255 961 384 1027 cadant.
430 961 519 1027 Facit
547 985 596 1027 res
625 961 738 1028 eadem
763 963 921 1028 concisam
948 983 1080 1050 quoque
1106 961 1297 1028 orationem.
1314 980 1354 1052 27

256 1047 431 1114 Subfistit¹¹
454 1045 540 1112 enim
564 1048 669 1113 omnis
691 1049 867 1114 sententia:
891 1047 1028 1135 ideoque
1048 1048 1117 1148 post
1138 1070 1209 1112 earu
1229 1047 1298 1112 uti·

255 1157 322 1236 que
334 1133 423 1200 aliud
438 1134 479 1199 ell
493 1133 634 1200 initium.
666 1135 764 1200 Unde
778 1135 881 1200 soluta
895 1134 960 1198 fere
976 1149 1091 1214 oratio,
1107 1147 1174 1198 et'e
1190 1133 1299 1220 fingu-
1334 1145 1339 1154 '

254 1219 297 1286 lrs
319 1243 385 1286 non
410 1222 576 1300 membris,
591 1221 645 1285 sed
664 1221 770 1288 frustis
792 1222 921 1301 collata,
938 1219 1090 1286 structura
1110 1232 1209 1298 caret,
1225 1240 1300 1284 cum

248 1305 314 1390 ,illa
329 1307 467 1372 rotunda
481 1321 513 1370 et
530 1307 675 1396 undique
696 1307 905 1374 ¹circumcisa
928 1306 1062 1370 inlidere
1082 1304 1219 1370 invicem
1242 1327 1300 1368 ne-

249 1405 392 1480 queant.
438 1395 554 1458 Praeter
567 1393 630 1458 hoc
646 1392 743 1459 etiam
760 1395 849 1458 color
863 1393 926 1482 ipse
949 1390 1080 1456 dicendi
1102 1390 1301 1478 quamlibet⁰
1316 1400 1358 1469 28

257 1479 364 1543 clarus
374 1491 399 1562 ¹,
416 1477 527 1543 multis
541 1493 649 1543 tamen
665 1501 702 1543 ac
713 1479 807 1544 variis
819 1479 908 1545 velut
919 1477 1054 1542 maculis
1070 1475 1304 1578 conspergitur.
1334 1491 1339 1498 ·

259 1565 371 1643 Porr0,
384 1576 422 1628 ut
434 1564 590 1630 afferente
606 1565 717 1630 lumen
733 1564 842 1631 clavus
857 1579 890 1630 et
903 1583 1064 1652 purpurae,
1078 1562 1151 1626 loco
1168 1563 1303 1642 inlertae,

217 1705 220 1716 .
260 1651 309 1715 ita
330 1664 417 1716 certe
439 1650 600 1716 neminem
623 1651 736 1716 deceat
752 1650 925 1716 intertexta
938 1649 1084 1737 pluribus
1099 1648 1185 1712 notis
1202 1647 1303 1712 vellis.

261 1737 388 1816 Quare,
409 1735 487 1801 licet
508 1735 579 1801 lrr'ec
601 1737 734 1817 enitere,
757 1749 791 1803 et
811 1737 1014 1826 aliquatenus
1030 1735 1151 1798 exstare
1173 1734 1304 1798 videan-
1320 1761 1361 1827 29

260 1835 327 1901 tur,
342 1837 450 1886 tamen
465 1821 589 1887 lumina
603 1821 658 1886 illa
668 1844 733 1886 non
745 1821 884 1888 flammae
895 1835 917 1904 ¹,
929 1821 982 1887 sed
997 1820 1144 1885 scintillis
1159 1819 1241 1884 inter
1251 1820 1304 1884 su-

247 1925 356 1972 ·mum
371 1906 585 1972 emicantibus
607 1907 719 1973 fimilia
739 1909 856 1973 dixeris
869 1921 907 1973 ’τ
922 1931 994 1996 quae
1010 1929 1051 1971 ne
1064 1919 1216 1992 apparent
1230 1906 1306 1994 qui·
1336 1919 1340 1926 '

261 1991 351 2073 dem,
367 1993 425 2058 ubi
448 2005 516 2058 tota
536 1995 626 2059 lucet
647 1995 760 2074 oratio,
777 2007 815 2058 ut
833 1994 867 2059 in
887 1994 951 2060 sole
969 1993 1067 2058 fidera
1082 1993 1147 2080 ipsa
1161 1991 1307 2056 delinuut

262 2079 374 2148 cerni:
398 2076 442 2160 et,
469 2101 542 2168 quae
565 2079 686 2146 crebris
710 2080 876 2171 parvisque
898 2079 1069 2146 conatibus
1089 2081 1120 2144 se
1142 2079 1308 2159 attollunt„

296 2285 304 2324 ¹
321 2288 495 2351 corporeJens.
571 2295 590 2320 ¹¹¹
611 2287 712 2338 substitit
720 2289 785 2340 Jens.
858 2299 874 2326 ¹¹
889 2290 975 2350 utique
986 2290 1021 2337 G.
1090 2286 1105 2315 ⁰
1122 2285 1266 2350 quamlicct
1277 2286 1311 2334 G.

262 2357 277 2395 v
293 2353 363 2404 claris
374 2349 405 2402 G.
416 2355 480 2402 lens.
562 2361 573 2393 ¹³
594 2357 661 2404 aflert
677 2355 762 2402 lumen
780 2355 863 2404 clavus
877 2369 989 2418 purpurae
1000 2355 1055 2403 loco
1066 2351 1167 2402 insertus
1177 2353 1241 2404 Jens.
1253 2357 1310 2399 roae

261 2429 327 2483 puro.
391 2419 568 2472 rflammist'd.
634 2421 792 2472 ⁶dixeritG.

266 2601 448 2657 abundantiam
458 2602 672 2728 waliramnum
682 2595 766 2657 nunic-
806 2601 864 2746 'Va
881 2603 962 2657 oritur
977 2604 1068 2666 oratio,
1086 2619 1138 2656 non
1154 2601 1198 2655 illa
1208 2599 1311 2682 quidem

265 2677 323 2745 rosa
333 2674 435 2727 vilitate
443 2677 573 2745 perdebat.
617 2677 731 2744 dd.Jun.
741 2694 767 2741 ς,
825 2674 912 2728 ordida
924 2687 948 2727 et
959 2675 1096 2735 immunda,
1108 2675 1147 2726 sed
1159 2689 1250 2733 varra,
1258 2671 1311 2740 plc-

270 2761 298 2796 ι.
317 2739 372 2811 Jul.
384 2762 408 2808 ς,
422 2763 447 2796 r.
479 2747 569 2816 Itaque
578 2745 695 2799 arborum
704 2747 768 2816 quin
816 2756 853 2807 ra,
864 2758 895 2798 ut
913 2747 1001 2816 tigres,
1013 2757 1042 2798 ut
1059 2743 1152 2814 lynces,
1165 2755 1189 2796 et
1206 2742 1313 2811 quidam

268 2814 367 2868 redium
378 2813 416 2876 sir,
428 2816 541 2868 dubitari
553 2833 604 2867 non
620 2816 707 2885 potest,
721 2819 768 2868 im·
815 2817 885 2884 equi·
907 2816 967 2868 Vid.
980 2814 1081 2872 omnino
1092 2815 1242 2866 Phidiacum
1250 2813 1313 2864 B'er-

268 2883 358 2952 primis
377 2901 436 2938 cum
449 2885 555 2952 fratirs
576 2885 694 2938 arborum
711 2903 770 2956 pro·
816 2887 870 2955 geri
882 2903 946 2956 opus
957 2888 989 2940 de
1001 2885 1110 2938 naturali
1128 2883 1314 2954 pulchritudine

269 2955 341 3024 prius
351 2954 429 3023 vulgo
436 2965 557 3026 =putetur5
562 2956 656 3026 fruges
666 2956 768 3010 videan-
816 2956 937 3008 orationis
954 2975 981 3027 p.
997 2974 1039 3007 ιι.
1058 2954 1095 3024 sq.
1113 2955 1184 3021 cujus
1197 2954 1316 3007 sententia

269 3035 313 3075 tur
326 3041 463 3077 arvorum.
500 3021 546 3077 Sed
558 3025 634 3078 hahet
644 3025 719 3078 etiam
731 3023 768 3077 al·
817 3025 931 3078 hocloco
944 3027 1066 3096 probatur
1075 3025 1186 3096 egregie.

269 3107 324 3146 cera
336 3095 410 3147 lectio
422 3094 529 3166 praelidii
545 3093 670 3158 nonnihil,
682 3113 730 3148 non
744 3097 770 3147 in
856 3099 900 3147 28.
912 3096 1179 3164 clavosetpurpurae]
1197 3093 1241 3146 Est
1252 3091 1319 3144 bled

270 3179 302 3216 eo
313 3166 397 3224 modo,
410 3165 479 3232 quod
490 3183 581 3220 vanarn
593 3165 637 3220 else
648 3161 770 3220 dirtintli-
819 3166 872 3220 aaa
883 3183 928 3236 pro
940 3165 1031 3219 clavus
1036 3174 1186 3237 purpureus.
1212 3165 1268 3216 Nec
1278 3176 1316 3214 ra-

271 3252 347 3288 onem
365 3235 434 3288 illam
457 3237 571 3303 constat,
593 3237 634 3290 sed
656 3236 725 3307 quod
744 3237 771 3288 in
820 3253 878 3288 rnen
895 3235 1028 3299 diffimulo,
1045 3248 1074 3290 ut
1091 3235 1264 3305 fimpliciorem
1285 3232 1318 3286 sic

272 3307 356 3358 omnis
373 3309 470 3376 generis
487 3321 559 3360 terrae
582 3303 707 3360 fructibus
723 3306 772 3358 hoe
820 3307 940 3359 veriorem
952 3307 1015 3360 mihi
1026 3306 1104 3359 videri
1116 3304 1253 3376 primarum
1265 3303 1320 3355 edl-

271 3379 365 3440 evenit,
384 3389 413 3429 ut
436 3377 500 3430 densi
522 3379 602 3430 nimie
622 3377 644 3429 se
666 3376 774 3430 invicem
821 3376 919 3428 tionum
940 3375 1069 3430 lectionem
1086 3375 1175 3428 clavus
1188 3383 1320 3444 pulpum,

274 3447 437 3520 strangulent,
455 3449 497 3500 cui
517 3447 676 3500 incommodo
692 3457 716 3499 et
737 3446 776 3499 se·
823 3443 850 3497 lr.
864 3463 887 3498 e.
897 3446 1112 3517 purpureusdcco,
1124 3446 1284 3516 nempejusto
1294 3454 1322 3496 et

275 3521 345 3574 rendi
357 3520 409 3590 ipsa
420 3519 516 3572 ratione
531 3529 667 3570 occurrunt
680 3517 774 3577 rustici,
810 3515 877 3578 luo,
888 3515 1001 3588 insertus.
1037 3518 1078 3569 De
1088 3513 1167 3569 clave
1182 3515 1322 3568 hallucina-

275 3591 488 3662 praecipiuntque,
496 3601 558 3660 quot
570 3589 648 3641 modii
657 3588 775 3655 cujusque
824 3585 905 3638 tiouee
921 3587 952 3637 ad
970 3587 1035 3639 hunc
1054 3587 1131 3640 etiam
1142 3584 1224 3638 locum
1236 3586 1323 3637 erudi-

276 3662 376 3714 seminis
389 3661 414 3712 in
422 3661 513 3731 jugero
524 3659 616 3712 serendi
632 3658 688 3718 sint,
699 3660 774 3708 Varr.
825 3667 908 3708 torum
927 3656 1035 3709 refutare
1053 3658 1105 3722 jam
1123 3673 1173 3708 non
1193 3657 1227 3709 est
1246 3674 1323 3726 opus,

279 3751 306 3796 1,
327 3751 379 3797 41:
408 3733 503 3802 quibus
525 3731 611 3801 spatiis
632 3729 675 3782 dis
688 3727 776 3779 oneudi
826 3727 955 3795 postquam
976 3728 1002 3779 in
1018 3728 1112 3778 Lexica
1128 3727 1203 3778 etiarn
1220 3727 1326 3779 meliora

277 3807 325 3864 tint
353 3808 381 3861 in
410 3805 576 3874 quincuncem
598 3748 699 3859 surculi,
721 3797 777 3848 vid.
826 3808 924 3866 recepta
941 3799 975 3849 est
995 3797 1275 3851 sententiaRubeniana
1292 3798 1326 3849 de

280 3877 385 3934 Colum.
402 3895 428 3942 5,
441 3894 471 3940 3²
491 3885 545 3926 turn
562 3872 588 3924 id
601 3865 681 3940 ipsum
692 3867 778 3939 prolri-
827 3866 913 3926 clavo,
925 3866 952 3918 h.
962 3885 985 3919 e.
997 3863 1064 3920 ἤπια
1078 3867 1117 3920 vel
1134 3866 1216 3935 virga
1227 3885 1326 3940 purpu-

280 3937 340 4002 liere
358 3948 455 4002 student
474 3941 679 3996 intercidendae
698 3937 777 4007 disra·
829 3953 870 3988 rea
888 3956 931 4006 per
947 3938 1053 3989 mediam
1075 3939 1101 3990 in
1108 3949 1187 4059 <lm
1205 3939 1327 3993 anteriore

280 4019 374 4081 rande,
390 4014 573 4086 interpretando,
595 4008 779 4068 interradendo,
829 4005 940 4058 tunicam
955 4025 969 4058 a
987 4007 1107 4060 summoa
1137 4008 1217 4060 imum
1228 4007 1328 4064 descen-

278 4085 460 4144 intervallando
472 4085 589 4154 denique,
602 4097 710 4152 quorum
725 4095 780 4130 ver·
829 4075 911 4140 deute,
923 4097 998 4147 quarn
1015 4077 1118 4148 collegit
1129 4077 1238 4130 breviter
1248 4090 1273 4128 et
1283 4095 1330 4128 ex·

281 4174 374 4224 bomm
403 4172 428 4214 ct
456 4155 583 4210 aelionum
606 4151 781 4204 auctoritatem
830 4149 948 4218 plicatam
960 4147 1122 4200 deditlwa'w
1132 4147 1252 4200 Graevius
1264 4163 1330 4218 prae·

280 4235 409 4315 praestabit
431 4225 573 4300 volentibus
592 4225 703 4277 chicon
726 4219 781 4272 nos·
830 4218 925 4272 rarione
952 4219 983 4270 ad
1009 4219 1126 4272 Tomum
1157 4221 1177 4292 6,
1202 4217 1330 4285 Thesauri

284 4329 352 4368 ,mm
364 4301 504 4360 Rusticum.
831 4291 912 4344 Autt.
925 4291 1003 4344 Rom.
1040 4295 1044 4316 ⁸

322 4386 367 4436 28.
384 4372 457 4429 velut
472 4367 588 4434 mortalis]
607 4365 681 4420 Unde
697 4377 782 4416 macu—
1046 4364 1050 4374 “
