3014 4918
257 461 315 520 μ»
488 441 535 504 Μ.
555 443 680 506 rann
705 441 1049 506 ourncmnmnr

255 603 357 674 dubio
370 605 400 671 el
444 605 561 672 ueutiae
575 629 613 673 ac
627 606 787 696 sapientiae
808 608 976 696 magistris,
993 605 1046 672 sed
1067 603 1226 694 praecipue
1240 618 1291 672 ta-

257 713 332 758 men
357 694 430 779 Apo
444 692 532 758 lunio
556 693 697 776 Moloni,
723 715 820 782 quem
847 693 957 758 Rornae
981 715 1109 780 quoque
1136 691 1291 772 audierat,

257 775 366 844 Rhodi
390 778 514 842 rursus·
539 777 740 844 formandum
763 801 800 844 ac
821 779 909 844 velut
929 778 1167 866 recoquendum
1190 777 1291 843 dedit.

256 864 346 930 Tum
371 861 509 952 dignum
533 886 637 952 operae
662 863 801 952 pretium
825 864 925 944 venit,
950 887 1026 929 cum
1053 864 1137 928 inter
1159 861 1188 926 se
1213 885 1292 926 con-

255 963 379 1038 gruunt
393 960 553 1036 praecepta
567 959 601 1016 et
614 949 842 1038 experimenta.
1317 994 1319 1002 ι

299 1035 379 1100 Vll.
403 1033 510 1100 Cumt
530 1033 603 1100 satis
623 1033 656 1099 in
671 1057 769 1100 omne
783 1048 943 1100 certamen
960 1033 1073 1100 virium
1091 1033 1212 1110 fecerit,
1249 1033 1293 1097 ri-

257 1139 312 1184 ma
335 1117 365 1186 ei
387 1141 463 1184 eura
488 1120 520 1184 in
541 1118 744 1208 suscipiendis
764 1121 874 1186 cauffis
893 1123 973 1188 erit:
997 1121 1030 1186 in
1047 1119 1165 1208 quibus
1181 1055 1292 1182 desin-

257 1201 333 1270 dcre
354 1203 486 1294 quidem
511 1227 582 1272 reos
605 1205 760 1292 prosedo,
775 1229 874 1294 quam
896 1205 1010 1285 facere,
1030 1206 1076 1269 vir
1093 1207 1197 1270 bonus
1212 1204 1300 1268 mal:

256 1287 350 1356 Ictu:
372 1313 435 1355 non
458 1305 565 1356 tamen
591 1292 638 1356 ita
661 1313 778 1356 nomen
801 1291 903 1380 ipsum
926 1291 1115 1356 accusatoris
1138 1290 1292 1368 horrebit,

256 1386 295 1440 ut
317 1375 408 1440 nullo
430 1397 471 1440 ne
496 1399 536 1442 ue
556 1375 687 1462 publico
709 1397 815 1463 neque
833 1377 954 1464 privato
973 1377 1048 1440 duci
1069 1377 1161 1462 possit
1175 1374 1292 1454 offici0,

255 1473 294 1524 ut
308 1399 501 1560 aliquemaid
522 1459 714 1550 reddendam
734 1462 888 1528 rationem
906 1462 980 1526 vitae
1002 1475 1106 1525 vocet.
1150 1463 1237 1525 Nam
1261 1471 1294 1524 et

254 1544 345 1634 leges
359 1545 438 1632 rpsae'
447 1545 530 1611 nihil
544 1545 699 1627 valeant'‚
715 1545 770 1610 nisi
787 1547 902 1613 ablotis
916 1546 1031 1612 idonea
1045 1567 1123 1610 voce
1137 1547 1271 1610 munitae
1283 1570 1291 1610 r

255 1643 300 1710 et,
319 1652 354 1696 ει
373 1653 485 1718 poenas
505 1631 659 1697 scelerum
680 1645 829 1720 expetere
843 1631 890 1698 sas
912 1653 976 1696 non
997 1633 1051 1710 est,
1069 1653 1166 1718 prope
1185 1633 1240 1710 est,
1256 1645 1295 1698 ut

227 1749 230 1756 ,
254 1715 372 1782 scelera
393 1715 457 1802 ipsa
476 1717 621 1804 permissa
643 1715 721 1782 sint:
749 1731 783 1782 et
803 1717 967 1784 licentiam
991 1717 1083 1782 malis
1106 1717 1185 1795 dari,
1205 1732 1293 1781 certe

255 1814 366 1867 contra
386 1801 490 1867 bonos
512 1803 566 1867 est.
612 1803 722 1870 Quare
745 1824 851 1890 neque
874 1802 1032 1868 sociorum
1052 1801 1208 1902 querelas,
1231 1823 1325 1876 neca

253 1887 351 1952 amici
372 1887 423 1951 vel
444 1887 614 1986 propinqui
636 1909 747 1953 necem
760 1900 787 1968 ¹,
804 1911 863 1953 nec
885 1902 1049 1974 erupturas
1064 1910 1097 1951 m
1113 1888 1291 1974 rempubli-

254 1993 325 2037 cam
351 1971 597 2060 cousprrationes
623 1973 741 2038 inultas
768 1975 907 2060 patietur
936 1987 1062 2039 orator:
1098 1995 1163 2038 non
1188 1995 1293 2059 poenae

254 2057 442 2124 nocentium
465 2059 616 2145 cupidus,
639 2058 693 2123 sed
717 2057 907 2124 emendandi
932 2059 1020 2138 vitia,
1048 2058 1299 2145 corrigendique

254 2163 371 2209 mores.
416 2145 505 2209 Nam
521 2143 577 2232 qui
591 2143 714 2209 ratione
728 2145 853 2210 traduci
867 2144 908 2208 ad
923 2144 1055 2209 meliora
1069 2166 1135 2207 non
1153 2144 1292 2232 possunt,

254 2225 321 2293 solo
350 2242 441 2294 metu
468 2229 685 2295 continentur.
730 2231 854 2316 ltaque,
880 2242 919 2294 ut
942 2229 1170 2294 accusatoriam·
1193 2230 1290 2293 vitam
1302 2256 1323 2322 3

254 2312 361 2378 vivere
391 2315 491 2380 etad
516 2313 733 2380 deferendos²
755 2337 827 2380 reos
849 2315 984 2402 praemio
1012 2314 1085 2377 duci
1107 2313 1292 2400 proximum

253 2397 423 2466 latrocinio
437 2401 480 2466 est
488 2424 499 2481 ς
522 2400 568 2465 ita
582 2401 698 2500 pestem
714 2400 894 2465 intestinam
917 2398 1106 2488 propulsare,
1123 2421 1196 2463 curn
1217 2421 1292 2484 pro-

253 2485 495 2584 pugnatoribus·
516 2497 628 2572 patnae
656 2485 919 2574 comparandum.
965 2484 1107 2572 Ideoque
1134 2485 1293 2571 principes

253 2592 289 2635 m
303 2565 468 2658 republica
480 2566 541 2636 riri
560 2592 626 2636 non
640 2568 918 2638 detrectaverunt*
939 2570 1022 2634 hauc
1036 2569 1132 2634 officii
1147 2583 1266 2656 partem
1281 2595 1289 2635 ε
1353 2609 1356 2616 ,

255 2654 433 2743 creditique
454 2655 527 2722 sunt
549 2655 645 2720 etiam
669 2655 746 2722 clari
763 2653 912 2742 juvenes,
938 2655 1079 2722 obfidem
1104 2654 1292 2754 reipublicae

254 2737 330 2804 dare
347 2739 505 2806 malorum
527 2740 646 2807 civium
668 2741 913 2822 accusationem,
930 2741 1006 2826 quia
1027 2763 1087 2805 nec
1108 2740 1205 2805 odisse
1227 2741 1291 2804 im-

254 2825 384 2910 proboS,
411 2849 471 2890 nec
500 2825 673 2891 fimultates
700 2847 883 2913 provocare,
910 2826 965 2890 nisr
991 2847 1031 2890 ex
1055 2825 1172 2890 fiducia
1190 2827 1291 2890 bonae

254 2910 374 2975 mentis
387 2909 588 2976 videbantur.
632 2911 734 2998 ldque
748 2931 823 2976 curn
845 2913 885 2975 ab
907 2910 1089 2991 Hortensio,
1107 2911 1251 2976 Lucullis
1263 2914 1325 2999 l,4

256 2994 411 3082 Sulpicio,
434 2996 602 3074 Cicerone,
625 2996 759 3075 Caeliue,
781 2995 925 3083 plurimis
946 2995 1029 3076 aliia,
1044 3007 1114 3060 tum
1137 2997 1176 3060 ab
1198 3010 1290 3061 utro·

254 3101 321 3167 que
336 3081 461 3146 Catone
481 3079 604 3146 facturn
623 3082 687 3146 esta
710 3103 847 3170 quorum
874 3081 954 3146 alter
973 3080 1149 3180 appellatus
1172 3083 1214 3146 est
1229 3082 1289 3166 sa*-

251 3162 349 3264 pians,
364 3165 446 3230 alter
460 3165 514 3230 nisi
531 3165 670 3232 creditur
691 3166 792 3246 fuisse,
810 3166 862 3232 vix
876 3166 952 3245 scio,
968 3189 1021 3231 cur
1041 3166 1206 3252 reliquerit
1227 3167 1290 3230 hu·

249 3249 306 3338 J'us
330 3250 471 3317 nominis
495 3250 617 3318 locum.
661 3251 802 3340 Nequec
828 3250 1005 3318 desendetd
1031 3273 1144 3315 omnes
1173 3265 1291 3331 orator,

290 3469 456 3532 'responsum
468 3469 563 3518 reform.
574 3471 606 3518 G.
681 3471 1010 3520 ‘QuamJensurQuum
1085 3470 1210 3546 ”Etaieis
1218 3470 1292 3519 malet

257 3549 299 3598 vel
308 3549 394 3598 malit?
461 3557 474 3582 ⁷
490 3547 645 3598 valentlens.
709 3551 874 3598 ¹neceffeG.
892 3550 1066 3615 quiainrerdum
1077 3565 1145 3600 nece.
1221 3553 1292 3600 'de-

256 3613 614 3675 fendendosreosptimulens.
664 3613 932 3663 “detraetGrJent
1010 3616 1136 3664 bLucillis
1148 3618 1178 3664 G.
1191 3615 1292 3664 Lucullo

256 3681 321 3730 lens.
426 3686 436 3710 ⁶
454 3680 494 3727 Sic
504 3679 570 3726 codex
580 3689 617 3740 ap.
629 3677 790 3727 Tremelium
799 3681 893 3742 interpr.
909 3680 949 3727 Sic
959 3678 1046 3728 malm
1059 3681 1170 3741 Gallam,
1182 3680 1297 3739 Roianus,

258 3746 339 3793 Bam.
354 3745 470 3808 Namque
480 3743 551 3791 adhue
561 3745 651 3792 editum.
716 3747 727 3776 ⁴
746 3746 857 3794 defendat
866 3746 930 3793 Jens.

294 3923 360 3984 vn,
376 3940 401 3988 3.
420 3920 484 3974 clari
494 3921 618 3990 juvenes]
643 3922 704 3974 Vid.
717 3923 749 3974 ad
796 3923 851 3985 tesi,
871 3922 999 3994 postqfflm
1022 3921 1066 3975 isla
1088 3922 1162 3984 dixit,
1183 3921 1289 3985 Fabius,
1339 3981 1342 3986 Δ

261 4010 288 4058 5,
302 4009 344 4057 13,
359 4011 383 4056 3,
394 4003 419 4042 et
434 3991 492 4042 add.
505 3991 576 4044 Dial.
588 3993 619 4044 de
630 3994 747 4045 Oratus.
798 3993 911 4062 Namque
927 3993 1037 4060 defrudet
1055 3990 1160 4044 omnes?
1185 3993 1289 4062 Siqui-

258 4060 627 4129 decaufiseorr..eloquent.c.
643 4079 685 4125 34.
740 4074 742 4076 ·
797 4063 853 4114 dem
871 4074 952 4114 mente
971 4061 1090 4124 constitit,
1101 4073 1134 4122 et,
1146 4062 1209 4131 quid
1229 4061 1289 4113 scri·
1340 4067 1342 4071 ’

294 4150 322 4196 4.
341 4131 424 4200 Neque
434 4131 545 4198 defended
560 4131 653 4196 ornnes]
677 4131 750 4186 Nihil
797 4133 874 4194 beret,
886 4132 1053 4200 cogitavit,s1c
1063 4133 1121 4184 dare
1132 4149 1180 4184 nou
1194 4133 1287 4201 potuit.

173 4254 176 4264 ,
258 4199 481 4255 certinamihihac
494 4201 598 4254 lediione
607 4201 748 4254 videbatur.
797 4202 844 4254 Sed
867 4203 903 4253 ita
925 4203 1052 4253 contexuit
1073 4201 1221 4260 orationem,
1245 4201 1290 4252 Vir

259 4274 307 4323 Vir
317 4273 397 4324 bonus
409 4271 507 4322 accusat
517 4272 594 4322 etiarn
604 4270 748 4339 aliquando,
796 4270 869 4324 bonus
879 4273 977 4343 accrffat
992 4269 1137 4341 aliquando:
1157 4287 1232 4341 neque
1245 4272 1289 4322 de-

257 4341 341 4396 sitite
356 4341 504 4411 republica.
523 4342 593 4394 Num
604 4339 692 4416 inferre
702 4359 749 4412 po-
787 4341 878 4408 sendet
888 4358 983 4409 omnen
1003 4342 1061 4413 (pro
1078 4343 1125 4395 hoc
1144 4343 1210 4395 enirn
1228 4341 1288 4422 poni
