<?xml version="1.0" encoding="UTF-8"?>
<!DOCTYPE html PUBLIC "-//W3C//DTD XHTML 1.0 Transitional//EN"
    "http://www.w3.org/TR/xhtml1/DTD/xhtml1-transitional.dtd">
<html xmlns="http://www.w3.org/1999/xhtml" xml:lang="en" lang="en">
 <head>
  <title>
</title>
<meta http-equiv="Content-Type" content="text/html;charset=utf-8" />
  <meta name='ocr-system' content='tesseract 3.04.00' />
  <meta name='ocr-capabilities' content='ocr_page ocr_carea ocr_par ocr_line ocrx_word'/>
</head>
<body>
  <div class='ocr_page' id='page_1' title='image "./mfabiiquinctili00gesngoog_0326.png"; bbox 0 0 3014 4918; ppageno 0'>
   <div class='ocr_carea' id='block_1_1' title="bbox 223 385 1038 497">
    <p class='ocr_par' dir='ltr' id='par_1_1' title="bbox 223 385 1038 497">
     <span class='ocr_line' id='line_1_1' title="bbox 223 385 1038 497; baseline 0 -15"><span class='ocrx_word' id='word_1_1' title='bbox 223 399 283 497; x_wconf 56' lang='lat' dir='ltr'><strong>rit</strong></span> <span class='ocrx_word' id='word_1_2' title='bbox 454 415 502 484; x_wconf 80' lang='lat' dir='ltr'><strong>tr.</strong></span> <span class='ocrx_word' id='word_1_3' title='bbox 523 397 648 484; x_wconf 73' lang='lat' dir='ltr'><strong>rann</strong></span> <span class='ocrx_word' id='word_1_4' title='bbox 669 385 1038 484; x_wconf 58' lang='lat' dir='ltr'><strong>attinentium*</strong></span> 
     </span>
    </p>
   </div>
   <div class='ocr_carea' id='block_1_2' title="bbox 213 567 1321 2362">
    <p class='ocr_par' dir='ltr' id='par_1_2' title="bbox 213 567 1321 2362">
     <span class='ocr_line' id='line_1_2' title="bbox 219 567 1247 676; baseline 0.001 -29"><span class='ocrx_word' id='word_1_5' title='bbox 219 567 297 650; x_wconf 76' lang='lat' dir='ltr'><strong>scire</strong></span> <span class='ocrx_word' id='word_1_6' title='bbox 311 580 402 649; x_wconf 82' lang='lat' dir='ltr'><strong>facile</strong></span> <span class='ocrx_word' id='word_1_7' title='bbox 417 585 460 650; x_wconf 86' lang='lat' dir='ltr'><strong>est</strong></span> <span class='ocrx_word' id='word_1_8' title='bbox 477 585 604 662; x_wconf 86' lang='lat' dir='ltr'><strong>oratori,</strong></span> <span class='ocrx_word' id='word_1_9' title='bbox 621 585 707 676; x_wconf 90' lang='lat' dir='ltr'><strong>quod</strong></span> <span class='ocrx_word' id='word_1_10' title='bbox 724 585 859 665; x_wconf 85' lang='lat' dir='ltr'><strong>discunt,</strong></span> <span class='ocrx_word' id='word_1_11' title='bbox 874 587 929 671; x_wconf 89' lang='lat' dir='ltr'><strong>qui</strong></span> <span class='ocrx_word' id='word_1_12' title='bbox 949 587 1002 649; x_wconf 85' lang='lat' dir='ltr'><strong>sua</strong></span> <span class='ocrx_word' id='word_1_13' title='bbox 1023 567 1150 673; x_wconf 80' lang='lat' dir='ltr'><strong>quoque</strong></span> <span class='ocrx_word' id='word_1_14' title='bbox 1169 574 1247 648; x_wconf 61' lang='lat' dir='ltr'><strong>e‘ori‘a</strong></span> 
     </span>
     <span class='ocr_line' id='line_1_3' title="bbox 219 665 1267 756; baseline -0.002 -22"><span class='ocrx_word' id='word_1_15' title='bbox 219 665 349 734; x_wconf 78' lang='lat' dir='ltr'><strong>feffione&#39;</strong></span> <span class='ocrx_word' id='word_1_16' title='bbox 369 681 507 734; x_wconf 83' lang='lat' dir='ltr'><strong>oratores</strong></span> <span class='ocrx_word' id='word_1_17' title='bbox 531 671 590 734; x_wconf 81' lang='lat' dir='ltr'><strong>effe</strong></span> <span class='ocrx_word' id='word_1_18' title='bbox 615 693 679 733; x_wconf 89' lang='lat' dir='ltr'><strong>non</strong></span> <span class='ocrx_word' id='word_1_19' title='bbox 705 671 850 756; x_wconf 78' lang='lat' dir='ltr'><strong>possunt?</strong></span> <span class='ocrx_word' id='word_1_20' title='bbox 889 673 1004 734; x_wconf 87' lang='lat' dir='ltr'><strong>Verum</strong></span> <span class='ocrx_word' id='word_1_21' title='bbox 1034 685 1066 733; x_wconf 88' lang='lat' dir='ltr'><strong>et</strong></span> <span class='ocrx_word' id='word_1_22' title='bbox 1090 673 1138 733; x_wconf 90' lang='lat' dir='ltr'><strong>M.</strong></span> <span class='ocrx_word' id='word_1_23' title='bbox 1164 671 1267 753; x_wconf 82' lang='lat' dir='ltr'><strong>Cato¹</strong></span> 
     </span>
     <span class='ocr_line' id='line_1_4' title="bbox 220 755 1249 840; baseline -0.002 -22"><span class='ocrx_word' id='word_1_24' title='bbox 220 773 293 818; x_wconf 82' lang='lat' dir='ltr'><strong>cum</strong></span> <span class='ocrx_word' id='word_1_25' title='bbox 311 755 342 816; x_wconf 92' lang='lat' dir='ltr'><strong>in</strong></span> <span class='ocrx_word' id='word_1_26' title='bbox 360 755 495 817; x_wconf 80' lang='lat' dir='ltr'><strong>dicendo</strong></span> <span class='ocrx_word' id='word_1_27' title='bbox 510 755 782 840; x_wconf 76' lang='lat' dir='ltr'><strong>praestantiffimuS‚</strong></span> <span class='ocrx_word' id='word_1_28' title='bbox 798 767 868 818; x_wconf 90' lang='lat' dir='ltr'><strong>tum</strong></span> <span class='ocrx_word' id='word_1_29' title='bbox 887 756 969 840; x_wconf 88' lang='lat' dir='ltr'><strong>juris</strong></span> <span class='ocrx_word' id='word_1_30' title='bbox 984 755 1066 818; x_wconf 84' lang='lat' dir='ltr'><strong>idem</strong></span> <span class='ocrx_word' id='word_1_31' title='bbox 1089 755 1149 819; x_wconf 89' lang='lat' dir='ltr'><strong>suit</strong></span> <span class='ocrx_word' id='word_1_32' title='bbox 1164 755 1249 840; x_wconf 87' lang='lat' dir='ltr'><strong>peri-</strong></span> 
     </span>
     <span class='ocr_line' id='line_1_5' title="bbox 220 837 1279 926; baseline -0.003 -24"><span class='ocrx_word' id='word_1_33' title='bbox 220 839 370 902; x_wconf 79' lang='lat' dir='ltr'><strong>tiffinrus:</strong></span> <span class='ocrx_word' id='word_1_34' title='bbox 386 851 417 901; x_wconf 88' lang='lat' dir='ltr'><strong>et</strong></span> <span class='ocrx_word' id='word_1_35' title='bbox 435 839 583 902; x_wconf 84' lang='lat' dir='ltr'><strong>Seaevoiae</strong></span> <span class='ocrx_word' id='word_1_36' title='bbox 596 839 768 926; x_wconf 88' lang='lat' dir='ltr'><strong>Servioque</strong></span> <span class='ocrx_word' id='word_1_37' title='bbox 785 839 926 926; x_wconf 78' lang='lat' dir='ltr'><strong>Sulpicio</strong></span> <span class='ocrx_word' id='word_1_38' title='bbox 941 837 1080 904; x_wconf 75' lang='lat' dir='ltr'><strong>conceiia</strong></span> <span class='ocrx_word' id='word_1_39' title='bbox 1095 839 1136 902; x_wconf 83' lang='lat' dir='ltr'><strong>est</strong></span> <span class='ocrx_word' id='word_1_40' title='bbox 1151 842 1256 902; x_wconf 87' lang='lat' dir='ltr'><strong>etiam</strong></span> <span class='ocrx_word' id='word_1_41' title='bbox 1274 845 1279 854; x_wconf 91' lang='lat'><strong><em>‘</em></strong></span> 
     </span>
     <span class='ocr_line' id='line_1_6' title="bbox 219 921 1302 1010; baseline -0.002 -24"><span class='ocrx_word' id='word_1_42' title='bbox 219 921 377 986; x_wconf 70' lang='lat' dir='ltr'><strong>facundiae</strong></span> <span class='ocrx_word' id='word_1_43' title='bbox 402 923 510 988; x_wconf 77' lang='lat' dir='ltr'><strong>virtus,</strong></span> <span class='ocrx_word' id='word_1_44' title='bbox 557 925 599 986; x_wconf 85' lang='lat' dir='ltr'><strong>Et</strong></span> <span class='ocrx_word' id='word_1_45' title='bbox 623 925 673 987; x_wconf 91' lang='lat' dir='ltr'><strong>M.</strong></span> <span class='ocrx_word' id='word_1_46' title='bbox 689 923 815 987; x_wconf 77' lang='lat' dir='ltr'><strong>Tullius</strong></span> <span class='ocrx_word' id='word_1_47' title='bbox 839 945 901 986; x_wconf 90' lang='lat' dir='ltr'><strong>non</strong></span> <span class='ocrx_word' id='word_1_48' title='bbox 927 927 1022 986; x_wconf 92' lang='lat' dir='ltr'><strong>modo</strong></span> <span class='ocrx_word' id='word_1_49' title='bbox 1042 927 1124 987; x_wconf 87' lang='lat' dir='ltr'><strong>inter</strong></span> <span class='ocrx_word' id='word_1_50' title='bbox 1146 923 1245 1010; x_wconf 64' lang='lat' dir='ltr'><strong>agina</strong></span> <span class='ocrx_word' id='word_1_51' title='bbox 1262 932 1302 979; x_wconf 88' lang='lat'><strong>10</strong></span> 
     </span>
     <span class='ocr_line' id='line_1_7' title="bbox 219 1006 1278 1096; baseline 0.001 -26"><span class='ocrx_word' id='word_1_52' title='bbox 219 1007 298 1072; x_wconf 84' lang='lat' dir='ltr'><strong>dum</strong></span> <span class='ocrx_word' id='word_1_53' title='bbox 327 1031 501 1094; x_wconf 86' lang='lat' dir='ltr'>numquam</span> <span class='ocrx_word' id='word_1_54' title='bbox 530 1009 573 1072; x_wconf 90' lang='lat' dir='ltr'><strong>est</strong></span> <span class='ocrx_word' id='word_1_55' title='bbox 601 1007 766 1073; x_wconf 86' lang='lat' dir='ltr'><strong>destitutus</strong></span> <span class='ocrx_word' id='word_1_56' title='bbox 797 1007 924 1072; x_wconf 79' lang='lat' dir='ltr'><strong>t&#39;cientia</strong></span> <span class='ocrx_word' id='word_1_57' title='bbox 946 1007 1040 1096; x_wconf 88' lang='lat' dir='ltr'><strong>juris,</strong></span> <span class='ocrx_word' id='word_1_58' title='bbox 1068 1009 1119 1072; x_wconf 82' lang='lat' dir='ltr'><strong>sed</strong></span> <span class='ocrx_word' id='word_1_59' title='bbox 1150 1006 1247 1071; x_wconf 85' lang='lat' dir='ltr'><strong>etiam</strong></span> <span class='ocrx_word' id='word_1_60' title='bbox 1274 1067 1278 1077; x_wconf 35' lang='lat'><strong>⁴</strong></span> 
     </span>
     <span class='ocr_line' id='line_1_8' title="bbox 219 1093 1261 1190; baseline 0 -34"><span class='ocrx_word' id='word_1_61' title='bbox 219 1113 411 1178; x_wconf 86' lang='lat' dir='ltr'><strong>componere</strong></span> <span class='ocrx_word' id='word_1_62' title='bbox 427 1093 531 1190; x_wconf 86' lang='lat' dir='ltr'><strong>aliqua</strong></span> <span class='ocrx_word' id='word_1_63' title='bbox 547 1093 587 1156; x_wconf 89' lang='lat' dir='ltr'><strong>de</strong></span> <span class='ocrx_word' id='word_1_64' title='bbox 602 1115 641 1157; x_wconf 87' lang='lat' dir='ltr'><strong>eo</strong></span> <span class='ocrx_word' id='word_1_65' title='bbox 657 1105 815 1177; x_wconf 85' lang='lat' dir='ltr'><strong>coeperat:</strong></span> <span class='ocrx_word' id='word_1_66' title='bbox 841 1107 875 1155; x_wconf 92' lang='lat' dir='ltr'><strong>ut</strong></span> <span class='ocrx_word' id='word_1_67' title='bbox 897 1105 1052 1180; x_wconf 73' lang='lat' dir='ltr'>appareat,</span> <span class='ocrx_word' id='word_1_68' title='bbox 1070 1093 1152 1180; x_wconf 78' lang='lat' dir='ltr'><strong>poffe</strong></span> <span class='ocrx_word' id='word_1_69' title='bbox 1175 1115 1261 1180; x_wconf 64' lang='lat' dir='ltr'><strong>ota·¹</strong></span> 
     </span>
     <span class='ocr_line' id='line_1_9' title="bbox 219 1177 1278 1262; baseline 0 -22"><span class='ocrx_word' id='word_1_70' title='bbox 219 1189 321 1240; x_wconf 87' lang='lat' dir='ltr'><strong>torem</strong></span> <span class='ocrx_word' id='word_1_71' title='bbox 347 1199 408 1240; x_wconf 93' lang='lat' dir='ltr'><strong>non</strong></span> <span class='ocrx_word' id='word_1_72' title='bbox 432 1177 604 1241; x_wconf 82' lang='lat' dir='ltr'><strong>diicend0⁰</strong></span> <span class='ocrx_word' id='word_1_73' title='bbox 627 1191 751 1242; x_wconf 85' lang='lat' dir='ltr'><strong>tantum</strong></span> <span class='ocrx_word' id='word_1_74' title='bbox 770 1177 835 1262; x_wconf 88' lang='lat' dir='ltr'><strong>juri</strong></span> <span class='ocrx_word' id='word_1_75' title='bbox 859 1201 978 1256; x_wconf 82' lang='lat' dir='ltr'><strong>vacare,</strong></span> <span class='ocrx_word' id='word_1_76' title='bbox 995 1179 1046 1242; x_wconf 82' lang='lat' dir='ltr'><strong>ieri</strong></span> <span class='ocrx_word' id='word_1_77' title='bbox 1069 1179 1165 1240; x_wconf 86' lang='lat' dir='ltr'><strong>etiarn</strong></span> <span class='ocrx_word' id='word_1_78' title='bbox 1188 1179 1245 1240; x_wconf 91' lang='lat' dir='ltr'><strong>do·</strong></span> <span class='ocrx_word' id='word_1_79' title='bbox 1268 1181 1278 1212; x_wconf 75' lang='lat'><strong>&#39;³</strong></span> 
     </span>
     <span class='ocr_line' id='line_1_10' title="bbox 219 1261 1299 1348; baseline -0.005 -24"><span class='ocrx_word' id='word_1_80' title='bbox 219 1262 332 1326; x_wconf 88' lang='lat' dir='ltr'><strong>cendo.</strong></span> <span class='ocrx_word' id='word_1_81' title='bbox 377 1265 495 1325; x_wconf 87' lang='lat' dir='ltr'><strong>Verum</strong></span> <span class='ocrx_word' id='word_1_82' title='bbox 519 1283 566 1340; x_wconf 85' lang='lat' dir='ltr'><strong>ea,</strong></span> <span class='ocrx_word' id='word_1_83' title='bbox 581 1283 651 1348; x_wconf 85' lang='lat' dir='ltr'><strong>quae</strong></span> <span class='ocrx_word' id='word_1_84' title='bbox 667 1261 706 1323; x_wconf 89' lang='lat' dir='ltr'><strong>de</strong></span> <span class='ocrx_word' id='word_1_85' title='bbox 720 1261 864 1324; x_wconf 86' lang='lat' dir='ltr'><strong>moribus</strong></span> <span class='ocrx_word' id='word_1_86' title='bbox 884 1262 1065 1325; x_wconf 62' lang='lat' dir='ltr'><strong>excolendis</strong></span> <span class='ocrx_word' id='word_1_87' title='bbox 1085 1262 1246 1348; x_wconf 72' lang='lat' dir='ltr'><strong>studioque</strong></span> <span class='ocrx_word' id='word_1_88' title='bbox 1263 1271 1299 1320; x_wconf 90' lang='lat'><strong>11</strong></span> 
     </span>
     <span class='ocr_line' id='line_1_11' title="bbox 213 1345 1263 1433; baseline 0 -22"><span class='ocrx_word' id='word_1_89' title='bbox 213 1345 298 1433; x_wconf 87' lang='lat' dir='ltr'><strong>juris</strong></span> <span class='ocrx_word' id='word_1_90' title='bbox 314 1347 511 1431; x_wconf 74' lang='lat' dir='ltr'><strong>praecipimus</strong></span> <span class='ocrx_word' id='word_1_91' title='bbox 523 1360 547 1422; x_wconf 75' lang='grc' dir='ltr'><strong>Ρ,</strong></span> <span class='ocrx_word' id='word_1_92' title='bbox 564 1369 604 1410; x_wconf 87' lang='lat' dir='ltr'><strong>ne</strong></span> <span class='ocrx_word' id='word_1_93' title='bbox 617 1348 688 1430; x_wconf 88' lang='lat' dir='ltr'><strong>quis</strong></span> <span class='ocrx_word' id='word_1_94' title='bbox 702 1368 740 1407; x_wconf 89' lang='lat' dir='ltr'><strong>eo</strong></span> <span class='ocrx_word' id='word_1_95' title='bbox 756 1347 862 1409; x_wconf 89' lang='lat' dir='ltr'><strong>eredat</strong></span> <span class='ocrx_word' id='word_1_96' title='bbox 877 1347 1144 1430; x_wconf 84' lang='lat' dir='ltr'><strong>reprehendenda,</strong></span> <span class='ocrx_word' id='word_1_97' title='bbox 1161 1347 1263 1432; x_wconf 86' lang='lat' dir='ltr'><strong>quod¹</strong></span> 
     </span>
     <span class='ocr_line' id='line_1_12' title="bbox 218 1425 1279 1516; baseline 0.001 -23"><span class='ocrx_word' id='word_1_98' title='bbox 218 1432 338 1494; x_wconf 72' lang='lat' dir='ltr'><strong>multos</strong></span> <span class='ocrx_word' id='word_1_99' title='bbox 354 1431 574 1516; x_wconf 71' lang='lat' dir='ltr'><strong>cognovimus,</strong></span> <span class='ocrx_word' id='word_1_100' title='bbox 588 1432 641 1516; x_wconf 92' lang='lat' dir='ltr'><strong>qui</strong></span> <span class='ocrx_word' id='word_1_101' title='bbox 658 1429 754 1492; x_wconf 83' lang='lat' dir='ltr'><strong>taedio</strong></span> <span class='ocrx_word' id='word_1_102' title='bbox 769 1430 899 1506; x_wconf 84' lang='lat' dir='ltr'><strong>laboris,</strong></span> <span class='ocrx_word' id='word_1_103' title='bbox 915 1453 1010 1516; x_wconf 90' lang='lat' dir='ltr'><strong>quem</strong></span> <span class='ocrx_word' id='word_1_104' title='bbox 1023 1427 1101 1493; x_wconf 87' lang='lat' dir='ltr'><strong>ferre</strong></span> <span class='ocrx_word' id='word_1_105' title='bbox 1116 1433 1249 1516; x_wconf 79' lang='lat' dir='ltr'><strong>tenden-</strong></span> <span class='ocrx_word' id='word_1_106' title='bbox 1266 1425 1279 1441; x_wconf 72' lang='grc'><strong>’“</strong></span> 
     </span>
     <span class='ocr_line' id='line_1_13' title="bbox 218 1515 1277 1602; baseline 0 -24"><span class='ocrx_word' id='word_1_107' title='bbox 218 1517 306 1578; x_wconf 84' lang='lat' dir='ltr'><strong>tibus</strong></span> <span class='ocrx_word' id='word_1_108' title='bbox 328 1516 368 1578; x_wconf 84' lang='lat' dir='ltr'><strong>ad</strong></span> <span class='ocrx_word' id='word_1_109' title='bbox 383 1515 596 1600; x_wconf 78' lang='lat' dir='ltr'>eloquentiam</span> <span class='ocrx_word' id='word_1_110' title='bbox 620 1515 739 1578; x_wconf 86' lang='lat' dir='ltr'><strong>neceffe</strong></span> <span class='ocrx_word' id='word_1_111' title='bbox 753 1517 805 1593; x_wconf 88' lang='lat' dir='ltr'><strong>est,</strong></span> <span class='ocrx_word' id='word_1_112' title='bbox 822 1515 1026 1602; x_wconf 82' lang='lat' dir='ltr'><strong>confugerint</strong></span> <span class='ocrx_word' id='word_1_113' title='bbox 1047 1515 1086 1577; x_wconf 84' lang='lat' dir='ltr'><strong>ad</strong></span> <span class='ocrx_word' id='word_1_114' title='bbox 1107 1517 1174 1578; x_wconf 80' lang='lat' dir='ltr'><strong>haec</strong></span> <span class='ocrx_word' id='word_1_115' title='bbox 1191 1515 1247 1578; x_wconf 86' lang='lat' dir='ltr'><strong>de&#39;-</strong></span> <span class='ocrx_word' id='word_1_116' title='bbox 1268 1525 1277 1586; x_wconf 72' lang='lat' dir='ltr'>j</span> 
     </span>
     <span class='ocr_line' id='line_1_14' title="bbox 219 1598 1321 1686; baseline 0 -23"><span class='ocrx_word' id='word_1_117' title='bbox 219 1601 372 1664; x_wconf 86' lang='lat' dir='ltr'><strong>verticuia</strong></span> <span class='ocrx_word' id='word_1_118' title='bbox 398 1598 541 1662; x_wconf 78' lang='lat' dir='ltr'><strong>desidiae:</strong></span> <span class='ocrx_word' id='word_1_119' title='bbox 576 1621 711 1686; x_wconf 87' lang='lat' dir='ltr'><strong>quorum</strong></span> <span class='ocrx_word' id='word_1_120' title='bbox 733 1599 787 1662; x_wconf 87' lang='lat' dir='ltr'><strong>alii</strong></span> <span class='ocrx_word' id='word_1_121' title='bbox 811 1599 841 1662; x_wconf 89' lang='lat' dir='ltr'><strong>se</strong></span> <span class='ocrx_word' id='word_1_122' title='bbox 863 1600 902 1663; x_wconf 90' lang='lat' dir='ltr'><strong>ad</strong></span> <span class='ocrx_word' id='word_1_123' title='bbox 925 1599 1032 1662; x_wconf 88' lang='lat' dir='ltr'><strong>album</strong></span> <span class='ocrx_word' id='word_1_124' title='bbox 1055 1622 1091 1662; x_wconf 86' lang='lat' dir='ltr'><strong>ae</strong></span> <span class='ocrx_word' id='word_1_125' title='bbox 1107 1599 1268 1674; x_wconf 66' lang='lat' dir='ltr'><strong>rubricat</strong></span> <span class='ocrx_word' id='word_1_126' title='bbox 1317 1625 1321 1634; x_wconf 60' lang='lat'><strong>⁴</strong></span> 
     </span>
     <span class='ocr_line' id='line_1_15' title="bbox 219 1677 1269 1770; baseline 0.001 -23"><span class='ocrx_word' id='word_1_127' title='bbox 219 1685 450 1761; x_wconf 77' lang='lat' dir='ltr'><strong>transtulerunt,</strong></span> <span class='ocrx_word' id='word_1_128' title='bbox 475 1698 508 1745; x_wconf 90' lang='lat' dir='ltr'><strong>et</strong></span> <span class='ocrx_word' id='word_1_129' title='bbox 537 1682 722 1760; x_wconf 87' lang='lat' dir='ltr'><strong>formularii,</strong></span> <span class='ocrx_word' id='word_1_130' title='bbox 751 1683 811 1762; x_wconf 84' lang='lat' dir='ltr'><strong>vei,</strong></span> <span class='ocrx_word' id='word_1_131' title='bbox 842 1697 877 1746; x_wconf 92' lang='lat' dir='ltr'><strong>nt</strong></span> <span class='ocrx_word' id='word_1_132' title='bbox 905 1685 1018 1748; x_wconf 88' lang='lat' dir='ltr'><strong>Cicero</strong></span> <span class='ocrx_word' id='word_1_133' title='bbox 1048 1683 1103 1762; x_wconf 87' lang='lat' dir='ltr'><strong>ait,</strong></span> <span class='ocrx_word' id='word_1_134' title='bbox 1130 1677 1269 1770; x_wconf 65' lang='lat' dir='ltr'><strong>&#39;leguleii&#39;</strong></span> 
     </span>
     <span class='ocr_line' id='line_1_16' title="bbox 221 1767 1277 1868; baseline 0.003 -38"><span class='ocrx_word' id='word_1_135' title='bbox 221 1769 348 1854; x_wconf 83' lang='lat' dir='ltr'><strong>quidam</strong></span> <span class='ocrx_word' id='word_1_136' title='bbox 374 1768 432 1831; x_wconf 78' lang='lat' dir='ltr'><strong>effe</strong></span> <span class='ocrx_word' id='word_1_137' title='bbox 458 1769 651 1848; x_wconf 85' lang='lat' dir='ltr'><strong>maluerunt,</strong></span> <span class='ocrx_word' id='word_1_138' title='bbox 677 1782 837 1854; x_wconf 83' lang='lat' dir='ltr'><strong>tamquam</strong></span> <span class='ocrx_word' id='word_1_139' title='bbox 867 1767 995 1832; x_wconf 76' lang='lat' dir='ltr'><strong>utiliora</strong></span> <span class='ocrx_word' id='word_1_140' title='bbox 1017 1769 1172 1868; x_wconf 74' lang='lat' dir='ltr'><strong>eligentes</strong></span> <span class='ocrx_word' id='word_1_141' title='bbox 1199 1781 1248 1850; x_wconf 61' lang='grc' dir='ltr'><strong>εδ,Ι</strong></span> <span class='ocrx_word' id='word_1_142' title='bbox 1275 1836 1277 1842; x_wconf 72' lang='grc'>,</span> 
     </span>
     <span class='ocr_line' id='line_1_17' title="bbox 219 1851 1302 1940; baseline 0 -26"><span class='ocrx_word' id='word_1_143' title='bbox 219 1875 354 1938; x_wconf 87' lang='lat' dir='ltr'><strong>quorum</strong></span> <span class='ocrx_word' id='word_1_144' title='bbox 370 1854 465 1915; x_wconf 83' lang='lat' dir='ltr'><strong>t&#39;oiam</strong></span> <span class='ocrx_word' id='word_1_145' title='bbox 482 1851 668 1915; x_wconf 80' lang='lat' dir='ltr'><strong>facilitatem</strong></span> <span class='ocrx_word' id='word_1_146' title='bbox 683 1853 909 1936; x_wconf 87' lang='lat' dir='ltr'><strong>sequebantur:</strong></span> <span class='ocrx_word' id='word_1_147' title='bbox 934 1852 986 1916; x_wconf 88' lang='lat' dir='ltr'><strong>alii</strong></span> <span class='ocrx_word' id='word_1_148' title='bbox 1003 1852 1139 1940; x_wconf 79' lang='lat' dir='ltr'><strong>pigritiae</strong></span> <span class='ocrx_word' id='word_1_149' title='bbox 1161 1859 1246 1916; x_wconf 86' lang='lat' dir='ltr'><strong>arro&#39;-</strong></span> <span class='ocrx_word' id='word_1_150' title='bbox 1263 1863 1302 1914; x_wconf 72' lang='lat'><strong>12</strong></span> 
     </span>
     <span class='ocr_line' id='line_1_18' title="bbox 220 1936 1270 2023; baseline 0.001 -24"><span class='ocrx_word' id='word_1_151' title='bbox 220 1937 384 2023; x_wconf 86' lang='lat' dir='ltr'><strong>gantioris,</strong></span> <span class='ocrx_word' id='word_1_152' title='bbox 402 1938 456 2022; x_wconf 93' lang='lat' dir='ltr'><strong>qui</strong></span> <span class='ocrx_word' id='word_1_153' title='bbox 480 1937 583 1999; x_wconf 89' lang='lat' dir='ltr'><strong>subito</strong></span> <span class='ocrx_word' id='word_1_154' title='bbox 605 1936 708 2000; x_wconf 82' lang='lat' dir='ltr'><strong>fronte</strong></span> <span class='ocrx_word' id='word_1_155' title='bbox 731 1937 864 2001; x_wconf 69' lang='lat' dir='ltr'><strong>coniitia</strong></span> <span class='ocrx_word' id='word_1_156' title='bbox 876 1949 901 2015; x_wconf 65' lang='lat' dir='ltr'><strong>t,</strong></span> <span class='ocrx_word' id='word_1_157' title='bbox 921 1937 1117 2022; x_wconf 75' lang='lat' dir='ltr'><strong>immissaque</strong></span> <span class='ocrx_word' id='word_1_158' title='bbox 1140 1937 1247 2020; x_wconf 82' lang='lat' dir='ltr'><strong>barba,</strong></span> <span class='ocrx_word' id='word_1_159' title='bbox 1265 1940 1270 1952; x_wconf 79' lang='grc'><strong>“</strong></span> 
     </span>
     <span class='ocr_line' id='line_1_19' title="bbox 220 2021 1272 2110; baseline 0.002 -26"><span class='ocrx_word' id='word_1_160' title='bbox 220 2022 320 2085; x_wconf 83' lang='lat' dir='ltr'><strong>veluti</strong></span> <span class='ocrx_word' id='word_1_161' title='bbox 336 2021 540 2108; x_wconf 80' lang='lat' dir='ltr'><strong>det&#39;pexiffent</strong></span> <span class='ocrx_word' id='word_1_162' title='bbox 561 2024 697 2085; x_wconf 85' lang='lat' dir='ltr'><strong>oratoria</strong></span> <span class='ocrx_word' id='word_1_163' title='bbox 710 2035 877 2108; x_wconf 84' lang='lat' dir='ltr'><strong>praecepta,</strong></span> <span class='ocrx_word' id='word_1_164' title='bbox 894 2021 1034 2108; x_wconf 86' lang='lat' dir='ltr'><strong>paullum</strong></span> <span class='ocrx_word' id='word_1_165' title='bbox 1058 2023 1178 2110; x_wconf 88' lang='lat' dir='ltr'><strong>aliquid</strong></span> <span class='ocrx_word' id='word_1_166' title='bbox 1201 2025 1247 2086; x_wconf 81' lang='lat' dir='ltr'><strong>se·</strong></span> <span class='ocrx_word' id='word_1_167' title='bbox 1269 2033 1272 2040; x_wconf 87' lang='lat'>&#39;</span> 
     </span>
     <span class='ocr_line' id='line_1_20' title="bbox 221 2103 1307 2192; baseline 0.003 -24"><span class='ocrx_word' id='word_1_168' title='bbox 221 2103 335 2168; x_wconf 85' lang='lat' dir='ltr'><strong>derunt</strong></span> <span class='ocrx_word' id='word_1_169' title='bbox 358 2107 390 2168; x_wconf 91' lang='lat' dir='ltr'><strong>in</strong></span> <span class='ocrx_word' id='word_1_170' title='bbox 417 2106 531 2168; x_wconf 88' lang='lat' dir='ltr'><strong>scholis</strong></span> <span class='ocrx_word' id='word_1_171' title='bbox 557 2104 831 2190; x_wconf 88' lang='lat' dir='ltr'><strong>philosophorum,</strong></span> <span class='ocrx_word' id='word_1_172' title='bbox 854 2119 891 2168; x_wconf 89' lang='lat' dir='ltr'><strong>ut</strong></span> <span class='ocrx_word' id='word_1_173' title='bbox 917 2107 1031 2170; x_wconf 87' lang='lat' dir='ltr'><strong>deinde</strong></span> <span class='ocrx_word' id='word_1_174' title='bbox 1057 2107 1101 2167; x_wconf 77' lang='lat' dir='ltr'><strong>in·</strong></span> <span class='ocrx_word' id='word_1_175' title='bbox 1119 2108 1249 2192; x_wconf 85' lang='lat' dir='ltr'><strong>publico</strong></span> <span class='ocrx_word' id='word_1_176' title='bbox 1301 2108 1307 2115; x_wconf 74' lang='grc'><strong>’</strong></span> 
     </span>
     <span class='ocr_line' id='line_1_21' title="bbox 220 2188 1250 2275; baseline 0.005 -23"><span class='ocrx_word' id='word_1_177' title='bbox 220 2188 333 2269; x_wconf 84' lang='lat' dir='ltr'><strong>tristes,</strong></span> <span class='ocrx_word' id='word_1_178' title='bbox 355 2191 443 2254; x_wconf 92' lang='lat' dir='ltr'><strong>domi</strong></span> <span class='ocrx_word' id='word_1_179' title='bbox 472 2189 620 2266; x_wconf 82' lang='lat' dir='ltr'><strong>difloluti,</strong></span> <span class='ocrx_word' id='word_1_180' title='bbox 645 2205 806 2275; x_wconf 83' lang='lat' dir='ltr'><strong>captarent</strong></span> <span class='ocrx_word' id='word_1_181' title='bbox 834 2190 1052 2253; x_wconf 64' lang='lat' dir='ltr'><strong>austoritatem</strong></span> <span class='ocrx_word' id='word_1_182' title='bbox 1083 2205 1250 2256; x_wconf 84' lang='lat' dir='ltr'><strong>contemtu</strong></span> 
     </span>
     <span class='ocr_line' id='line_1_22' title="bbox 221 2272 1249 2362; baseline 0.001 -25"><span class='ocrx_word' id='word_1_183' title='bbox 221 2287 411 2338; x_wconf 88' lang='lat' dir='ltr'><strong>ceterorum.</strong></span> <span class='ocrx_word' id='word_1_184' title='bbox 456 2272 723 2338; x_wconf 72' lang='lat' dir='ltr'><strong>Partosoruu</strong></span> <span class='ocrx_word' id='word_1_185' title='bbox 754 2275 840 2337; x_wconf 90' lang='lat' dir='ltr'><strong>enim</strong></span> <span class='ocrx_word' id='word_1_186' title='bbox 872 2273 1007 2338; x_wconf 78' lang='lat' dir='ltr'><strong>fimulari</strong></span> <span class='ocrx_word' id='word_1_187' title='bbox 1041 2276 1150 2362; x_wconf 85' lang='lat' dir='ltr'><strong>potest,</strong></span> <span class='ocrx_word' id='word_1_188' title='bbox 1180 2276 1249 2343; x_wconf 88' lang='lat' dir='ltr'><strong>elo-</strong></span> 
     </span>
    </p>
   </div>
   <div class='ocr_carea' id='block_1_3' title="bbox 220 2360 554 2458">
    <p class='ocr_par' dir='ltr' id='par_1_3' title="bbox 220 2360 554 2458">
     <span class='ocr_line' id='line_1_23' title="bbox 220 2360 554 2458; baseline -0.003 -35"><span class='ocrx_word' id='word_1_189' title='bbox 220 2360 351 2444; x_wconf 81' lang='lat' dir='ltr'><strong>quentia</strong></span> <span class='ocrx_word' id='word_1_190' title='bbox 365 2381 427 2422; x_wconf 93' lang='lat' dir='ltr'><strong>non</strong></span> <span class='ocrx_word' id='word_1_191' title='bbox 444 2361 554 2458; x_wconf 73' lang='lat' dir='ltr'><strong>potest.</strong></span> 
     </span>
    </p>
   </div>
   <div class='ocr_carea' id='block_1_4' title="bbox 220 2433 1304 2954">
    <p class='ocr_par' dir='ltr' id='par_1_4' title="bbox 220 2433 1304 2954">
     <span class='ocr_line' id='line_1_24' title="bbox 265 2433 1275 2532; baseline 0.001 -26"><span class='ocrx_word' id='word_1_192' title='bbox 265 2445 325 2508; x_wconf 89' lang='lat' dir='ltr'><strong>IV.</strong></span> <span class='ocrx_word' id='word_1_193' title='bbox 350 2446 386 2506; x_wconf 88' lang='lat' dir='ltr'><strong>ln</strong></span> <span class='ocrx_word' id='word_1_194' title='bbox 408 2465 517 2530; x_wconf 86' lang='lat' dir='ltr'><strong>pnmrs</strong></span> <span class='ocrx_word' id='word_1_195' title='bbox 540 2464 613 2508; x_wconf 88' lang='lat' dir='ltr'><strong>vero</strong></span> <span class='ocrx_word' id='word_1_196' title='bbox 634 2443 795 2507; x_wconf 86' lang='lat' dir='ltr'><strong>abundare</strong></span> <span class='ocrx_word' id='word_1_197' title='bbox 816 2443 911 2506; x_wconf 87' lang='lat' dir='ltr'><strong>debet</strong></span> <span class='ocrx_word' id='word_1_198' title='bbox 932 2437 1039 2508; x_wconf 73' lang='lat' dir='ltr'><strong>orator</strong></span> <span class='ocrx_word' id='word_1_199' title='bbox 1057 2433 1275 2532; x_wconf 62' lang='lat' dir='ltr'><strong>exemptorma&#39;g</strong></span> 
     </span>
     <span class='ocr_line' id='line_1_25' title="bbox 221 2527 1256 2614; baseline 0.002 -23"><span class='ocrx_word' id='word_1_200' title='bbox 221 2529 315 2614; x_wconf 79' lang='lat' dir='ltr'><strong>copia,</strong></span> <span class='ocrx_word' id='word_1_201' title='bbox 331 2547 405 2592; x_wconf 82' lang='lat' dir='ltr'><strong>cunt</strong></span> <span class='ocrx_word' id='word_1_202' title='bbox 421 2539 574 2605; x_wconf 85' lang='lat' dir='ltr'><strong>veterum,</strong></span> <span class='ocrx_word' id='word_1_203' title='bbox 592 2527 776 2591; x_wconf 78' lang='lat' dir='ltr'><strong>tumetium</strong></span> <span class='ocrx_word' id='word_1_204' title='bbox 797 2551 963 2606; x_wconf 85' lang='lat' dir='ltr'><strong>novorum,</strong></span> <span class='ocrx_word' id='word_1_205' title='bbox 980 2529 1059 2591; x_wconf 86' lang='lat' dir='ltr'><strong>adeo</strong></span> <span class='ocrx_word' id='word_1_206' title='bbox 1075 2543 1110 2590; x_wconf 93' lang='lat' dir='ltr'><strong>ut</strong></span> <span class='ocrx_word' id='word_1_207' title='bbox 1128 2531 1195 2592; x_wconf 74' lang='lat' dir='ltr'><strong>‘non</strong></span> <span class='ocrx_word' id='word_1_208' title='bbox 1213 2542 1256 2606; x_wconf 77' lang='lat' dir='ltr'><strong>&#39;ea¹</strong></span> 
     </span>
     <span class='ocr_line' id='line_1_26' title="bbox 220 2611 1304 2700; baseline 0.006 -26"><span class='ocrx_word' id='word_1_209' title='bbox 220 2615 331 2690; x_wconf 86' lang='lat' dir='ltr'><strong>modo,</strong></span> <span class='ocrx_word' id='word_1_210' title='bbox 348 2635 420 2700; x_wconf 86' lang='lat' dir='ltr'><strong>quae</strong></span> <span class='ocrx_word' id='word_1_211' title='bbox 436 2614 607 2698; x_wconf 80' lang='lat' dir='ltr'><strong>conscripta</strong></span> <span class='ocrx_word' id='word_1_212' title='bbox 621 2611 693 2677; x_wconf 85' lang='lat' dir='ltr'><strong>sunt</strong></span> <span class='ocrx_word' id='word_1_213' title='bbox 712 2613 856 2690; x_wconf 80' lang='lat' dir='ltr'><strong>historiis,</strong></span> <span class='ocrx_word' id='word_1_214' title='bbox 872 2626 926 2676; x_wconf 89' lang='lat' dir='ltr'><strong>aut</strong></span> <span class='ocrx_word' id='word_1_215' title='bbox 946 2613 1142 2676; x_wconf 85' lang='lat' dir='ltr'><strong>sermonibus</strong></span> <span class='ocrx_word' id='word_1_216' title='bbox 1163 2613 1268 2684; x_wconf 72' lang='lat' dir='ltr'><strong>velut,</strong></span> <span class='ocrx_word' id='word_1_217' title='bbox 1301 2687 1304 2696; x_wconf 43' lang='lat'>‚</span> 
     </span>
     <span class='ocr_line' id='line_1_27' title="bbox 221 2696 1304 2784; baseline 0.002 -24"><span class='ocrx_word' id='word_1_218' title='bbox 221 2717 277 2782; x_wconf 91' lang='lat' dir='ltr'><strong>per</strong></span> <span class='ocrx_word' id='word_1_219' title='bbox 304 2702 420 2760; x_wconf 83' lang='lat' dir='ltr'><strong>n&#39;ranus</strong></span> <span class='ocrx_word' id='word_1_220' title='bbox 449 2697 575 2776; x_wconf 85' lang='lat' dir='ltr'><strong>tradita,</strong></span> <span class='ocrx_word' id='word_1_221' title='bbox 607 2719 742 2784; x_wconf 85' lang='lat' dir='ltr'><strong>quaeque</strong></span> <span class='ocrx_word' id='word_1_222' title='bbox 778 2697 920 2783; x_wconf 87' lang='lat' dir='ltr'><strong>quotidie</strong></span> <span class='ocrx_word' id='word_1_223' title='bbox 956 2713 1106 2784; x_wconf 82' lang='lat' dir='ltr'><strong>aguntur,</strong></span> <span class='ocrx_word' id='word_1_224' title='bbox 1136 2696 1251 2762; x_wconf 79' lang='lat' dir='ltr'><strong>&#39;debeat</strong></span> <span class='ocrx_word' id='word_1_225' title='bbox 1301 2697 1304 2702; x_wconf 74' lang='grc'><strong><em>’</em></strong></span> 
     </span>
     <span class='ocr_line' id='line_1_28' title="bbox 222 2780 1252 2868; baseline 0.003 -25"><span class='ocrx_word' id='word_1_226' title='bbox 222 2780 329 2858; x_wconf 51' lang='lat' dir='ltr'><strong>nostin</strong></span> <span class='ocrx_word' id='word_1_227' title='bbox 355 2801 462 2844; x_wconf 85' lang='lat' dir='ltr'><strong>verum</strong></span> <span class='ocrx_word' id='word_1_228' title='bbox 476 2805 517 2845; x_wconf 90' lang='lat' dir='ltr'><strong>ne</strong></span> <span class='ocrx_word' id='word_1_229' title='bbox 530 2803 568 2845; x_wconf 84' lang='lat' dir='ltr'><strong>ea</strong></span> <span class='ocrx_word' id='word_1_230' title='bbox 582 2781 725 2866; x_wconf 88' lang='lat' dir='ltr'><strong>quidem,</strong></span> <span class='ocrx_word' id='word_1_231' title='bbox 741 2781 898 2868; x_wconf 84' lang='lat' dir='ltr'><strong>quaesunt</strong></span> <span class='ocrx_word' id='word_1_232' title='bbox 914 2803 932 2843; x_wconf 83' lang='lat' dir='ltr'><strong>a</strong></span> <span class='ocrx_word' id='word_1_233' title='bbox 951 2781 1133 2846; x_wconf 74' lang='lat' dir='ltr'><strong>clarioribus</strong></span> <span class='ocrx_word' id='word_1_234' title='bbox 1149 2783 1252 2868; x_wconf 82' lang='lat' dir='ltr'><strong>poetis</strong></span> 
     </span>
     <span class='ocr_line' id='line_1_29' title="bbox 222 2863 1283 2954; baseline 0.002 -26"><span class='ocrx_word' id='word_1_235' title='bbox 222 2865 306 2946; x_wconf 65' lang='lat' dir='ltr'><strong>fleta,</strong></span> <span class='ocrx_word' id='word_1_236' title='bbox 323 2867 497 2954; x_wconf 80' lang='lat' dir='ltr'><strong>negligere.</strong></span> <span class='ocrx_word' id='word_1_237' title='bbox 541 2868 630 2930; x_wconf 84' lang='lat' dir='ltr'><strong>Nam</strong></span> <span class='ocrx_word' id='word_1_238' title='bbox 652 2865 707 2930; x_wconf 89' lang='lat' dir='ltr'><strong>illa</strong></span> <span class='ocrx_word' id='word_1_239' title='bbox 729 2865 859 2952; x_wconf 92' lang='lat' dir='ltr'><strong>quidem</strong></span> <span class='ocrx_word' id='word_1_240' title='bbox 882 2865 986 2952; x_wconf 84' lang='lat' dir='ltr'><strong>priora</strong></span> <span class='ocrx_word' id='word_1_241' title='bbox 996 2879 1017 2946; x_wconf 61' lang='lat' dir='ltr'><strong>f,</strong></span> <span class='ocrx_word' id='word_1_242' title='bbox 1033 2868 1089 2930; x_wconf 75' lang='lat' dir='ltr'><strong>a&#39;ut</strong></span> <span class='ocrx_word' id='word_1_243' title='bbox 1110 2863 1283 2932; x_wconf 78' lang='lat' dir='ltr'><strong>testimo-2</strong></span> 
     </span>
    </p>
   </div>
   <div class='ocr_carea' id='block_1_5' title="bbox 204 3074 1311 3284">
    <p class='ocr_par' dir='ltr' id='par_1_5' title="bbox 204 3074 1311 3284">
     <span class='ocr_line' id='line_1_30' title="bbox 256 3074 1251 3146; baseline 0.004 -18"><span class='ocrx_word' id='word_1_244' title='bbox 256 3075 388 3130; x_wconf 72' lang='lat' dir='ltr'><strong>⁰dicendo</strong></span> <span class='ocrx_word' id='word_1_245' title='bbox 399 3083 430 3132; x_wconf 91' lang='lat' dir='ltr'><strong>G.</strong></span> <span class='ocrx_word' id='word_1_246' title='bbox 481 3075 667 3144; x_wconf 61' lang='lat' dir='ltr'><strong>&#39;praecepimus</strong></span> <span class='ocrx_word' id='word_1_247' title='bbox 678 3094 759 3129; x_wconf 85' lang='lat' dir='ltr'><strong>nonne</strong></span> <span class='ocrx_word' id='word_1_248' title='bbox 770 3082 898 3143; x_wconf 76' lang='lat' dir='ltr'><strong>quissent.</strong></span> <span class='ocrx_word' id='word_1_249' title='bbox 915 3083 1072 3132; x_wconf 79' lang='lat' dir='ltr'><strong>nonneerr&#39;um</strong></span> <span class='ocrx_word' id='word_1_250' title='bbox 1084 3074 1114 3146; x_wconf 75' lang='lat' dir='ltr'><strong>Gr</strong></span> <span class='ocrx_word' id='word_1_251' title='bbox 1164 3094 1251 3132; x_wconf 76' lang='lat' dir='ltr'><strong>roon-</strong></span> 
     </span>
     <span class='ocr_line' id='line_1_31' title="bbox 224 3144 1311 3214; baseline 0.002 -22"><span class='ocrx_word' id='word_1_252' title='bbox 224 3145 309 3192; x_wconf 73' lang='lat' dir='ltr'><strong>strutta</strong></span> <span class='ocrx_word' id='word_1_253' title='bbox 326 3148 341 3194; x_wconf 88' lang='lat' dir='ltr'><strong>i.</strong></span> <span class='ocrx_word' id='word_1_254' title='bbox 353 3147 377 3193; x_wconf 93' lang='lat' dir='ltr'><strong>b.</strong></span> <span class='ocrx_word' id='word_1_255' title='bbox 389 3161 413 3194; x_wconf 84' lang='lat' dir='ltr'><strong>v.</strong></span> <span class='ocrx_word' id='word_1_256' title='bbox 430 3146 593 3206; x_wconf 80' lang='lat' dir='ltr'><strong>depexuiffent</strong></span> <span class='ocrx_word' id='word_1_257' title='bbox 608 3147 635 3193; x_wconf 82' lang='lat' dir='ltr'><strong>J.</strong></span> <span class='ocrx_word' id='word_1_258' title='bbox 651 3145 722 3194; x_wconf 76' lang='lat' dir='ltr'><strong>Geta.</strong></span> <span class='ocrx_word' id='word_1_259' title='bbox 737 3145 802 3208; x_wconf 65' lang='lat' dir='ltr'><strong>orep.</strong></span> <span class='ocrx_word' id='word_1_260' title='bbox 815 3163 838 3206; x_wconf 85' lang='lat'><strong>2,</strong></span> <span class='ocrx_word' id='word_1_261' title='bbox 851 3161 875 3206; x_wconf 87' lang='lat'><strong>9,</strong></span> <span class='ocrx_word' id='word_1_262' title='bbox 892 3162 917 3208; x_wconf 88' lang='lat' dir='ltr'><strong>p.</strong></span> <span class='ocrx_word' id='word_1_263' title='bbox 930 3148 969 3206; x_wconf 81' lang='lat'><strong>80,</strong></span> <span class='ocrx_word' id='word_1_264' title='bbox 982 3157 1003 3192; x_wconf 82' lang='lat' dir='ltr'><strong>rr</strong></span> <span class='ocrx_word' id='word_1_265' title='bbox 1023 3147 1132 3197; x_wconf 80' lang='lat' dir='ltr'><strong>Gallaeur.</strong></span> <span class='ocrx_word' id='word_1_266' title='bbox 1149 3144 1254 3210; x_wconf 73' lang='lat' dir='ltr'><strong>,Quidfi</strong></span> <span class='ocrx_word' id='word_1_267' title='bbox 1269 3199 1276 3208; x_wconf 24' lang='lat' dir='ltr'><strong>q</strong></span> <span class='ocrx_word' id='word_1_268' title='bbox 1301 3191 1311 3214; x_wconf 59' lang='lat'>„</span> 
     </span>
     <span class='ocr_line' id='line_1_32' title="bbox 204 3210 929 3284; baseline 0.001 -28"><span class='ocrx_word' id='word_1_269' title='bbox 204 3210 368 3284; x_wconf 14' lang='lat' dir='ltr'><strong>&#39;constristat</strong></span> <span class='ocrx_word' id='word_1_270' title='bbox 420 3211 443 3241; x_wconf 85' lang='lat'><strong>&#39;¹</strong></span> <span class='ocrx_word' id='word_1_271' title='bbox 463 3210 556 3272; x_wconf 86' lang='lat' dir='ltr'><strong>propria</strong></span> <span class='ocrx_word' id='word_1_272' title='bbox 567 3211 630 3258; x_wconf 81' lang='lat' dir='ltr'><strong>bens.</strong></span> <span class='ocrx_word' id='word_1_273' title='bbox 927 3210 929 3216; x_wconf 79' lang='grc'><em>’</em></span> 
     </span>
    </p>
   </div>
   <div class='ocr_carea' id='block_1_6' title="bbox 224 3371 1291 4363">
    <p class='ocr_par' dir='ltr' id='par_1_6' title="bbox 224 3371 1291 4363">
     <span class='ocr_line' id='line_1_33' title="bbox 225 3371 1276 3462; baseline 0.009 -22"><span class='ocrx_word' id='word_1_274' title='bbox 225 3388 344 3441; x_wconf 80' lang='lat' dir='ltr'><strong>Videntur</strong></span> <span class='ocrx_word' id='word_1_275' title='bbox 354 3383 464 3460; x_wconf 72' lang='lat' dir='ltr'><strong>plerique</strong></span> <span class='ocrx_word' id='word_1_276' title='bbox 481 3383 540 3442; x_wconf 82' lang='lat' dir='ltr'><strong>iCti</strong></span> <span class='ocrx_word' id='word_1_277' title='bbox 557 3381 625 3441; x_wconf 86' lang='lat' dir='ltr'><strong>initio</strong></span> <span class='ocrx_word' id='word_1_278' title='bbox 641 3389 715 3442; x_wconf 81' lang='lat' dir='ltr'><strong>mubo</strong></span> <span class='ocrx_word' id='word_1_279' title='bbox 755 3387 866 3462; x_wconf 81' lang='lat' dir='ltr'><strong>senibil,</strong></span> <span class='ocrx_word' id='word_1_280' title='bbox 877 3389 921 3456; x_wconf 76' lang='lat' dir='ltr'><strong>nist</strong></span> <span class='ocrx_word' id='word_1_281' title='bbox 929 3389 1152 3462; x_wconf 21' lang='lat' dir='ltr'><strong>leguleiusqquidam</strong></span> <span class='ocrx_word' id='word_1_282' title='bbox 1169 3385 1254 3450; x_wconf 80' lang='lat' dir='ltr'><strong>riutas</strong></span> <span class='ocrx_word' id='word_1_283' title='bbox 1272 3371 1276 3385; x_wconf 53' lang='lat'><strong><em>¹</em></strong></span> 
     </span>
     <span class='ocr_line' id='line_1_34' title="bbox 225 3457 1255 3528; baseline 0.007 -18"><span class='ocrx_word' id='word_1_284' title='bbox 225 3457 267 3510; x_wconf 87' lang='lat' dir='ltr'><strong>buc</strong></span> <span class='ocrx_word' id='word_1_285' title='bbox 289 3459 393 3528; x_wconf 68' lang='lat' dir='ltr'><strong>utubaeff</strong></span> <span class='ocrx_word' id='word_1_286' title='bbox 417 3473 443 3511; x_wconf 90' lang='lat' dir='ltr'><strong>ur</strong></span> <span class='ocrx_word' id='word_1_287' title='bbox 469 3473 577 3512; x_wconf 82' lang='lat' dir='ltr'><strong>oratores</strong></span> <span class='ocrx_word' id='word_1_288' title='bbox 604 3459 714 3525; x_wconf 82' lang='lat' dir='ltr'><strong>fierent.)</strong></span> <span class='ocrx_word' id='word_1_289' title='bbox 763 3469 787 3511; x_wconf 81' lang='lat' dir='ltr'><strong>et</strong></span> <span class='ocrx_word' id='word_1_290' title='bbox 809 3469 903 3520; x_wconf 83' lang='lat' dir='ltr'><strong>acutus,</strong></span> <span class='ocrx_word' id='word_1_291' title='bbox 918 3469 1000 3528; x_wconf 76' lang='lat' dir='ltr'><strong>praem</strong></span> <span class='ocrx_word' id='word_1_292' title='bbox 1019 3462 1150 3525; x_wconf 74' lang='lat' dir='ltr'><strong>ultionum,</strong></span> <span class='ocrx_word' id='word_1_293' title='bbox 1169 3476 1255 3518; x_wconf 78' lang='lat' dir='ltr'><strong>cantur</strong></span> 
     </span>
     <span class='ocr_line' id='line_1_35' title="bbox 227 3527 1197 3603; baseline 0.005 -23"><span class='ocrx_word' id='word_1_294' title='bbox 227 3528 289 3598; x_wconf 77' lang='lat' dir='ltr'><em>Post,</em></span> <span class='ocrx_word' id='word_1_295' title='bbox 299 3545 353 3580; x_wconf 85' lang='lat' dir='ltr'><strong>cum</strong></span> <span class='ocrx_word' id='word_1_296' title='bbox 372 3529 502 3598; x_wconf 72' lang='lat' dir='ltr'><strong>iduffiqui</strong></span> <span class='ocrx_word' id='word_1_297' title='bbox 519 3545 565 3580; x_wconf 85' lang='lat' dir='ltr'><strong>run</strong></span> <span class='ocrx_word' id='word_1_298' title='bbox 583 3527 650 3596; x_wconf 84' lang='lat' dir='ltr'><strong>patui</strong></span> <span class='ocrx_word' id='word_1_299' title='bbox 665 3539 715 3588; x_wconf 82' lang='lat' dir='ltr'><strong>ent,</strong></span> <span class='ocrx_word' id='word_1_300' title='bbox 754 3528 933 3594; x_wconf 84' lang='lat' dir='ltr'><strong>formularum,</strong></span> <span class='ocrx_word' id='word_1_301' title='bbox 946 3539 1033 3597; x_wconf 84' lang='lat' dir='ltr'><strong>auceps</strong></span> <span class='ocrx_word' id='word_1_302' title='bbox 1036 3531 1197 3603; x_wconf 55' lang='lat' dir='ltr'><strong>fflllubarum.</strong></span> 
     </span>
     <span class='ocr_line' id='line_1_36' title="bbox 224 3595 1254 3669; baseline 0.005 -22"><span class='ocrx_word' id='word_1_303' title='bbox 224 3595 282 3667; x_wconf 86' lang='lat' dir='ltr'><strong>istuc</strong></span> <span class='ocrx_word' id='word_1_304' title='bbox 293 3597 433 3666; x_wconf 82' lang='lat' dir='ltr'><strong>putiffimum</strong></span> <span class='ocrx_word' id='word_1_305' title='bbox 442 3601 503 3668; x_wconf 73' lang='lat' dir='ltr'><strong>fitat</strong></span> <span class='ocrx_word' id='word_1_306' title='bbox 519 3597 605 3666; x_wconf 76' lang='lat' dir='ltr'><strong>delapsi</strong></span> <span class='ocrx_word' id='word_1_307' title='bbox 611 3619 619 3648; x_wconf 80' lang='lat' dir='ltr'><strong>r</strong></span> <span class='ocrx_word' id='word_1_308' title='bbox 638 3607 665 3648; x_wconf 81' lang='lat' dir='ltr'><strong>ut</strong></span> <span class='ocrx_word' id='word_1_309' title='bbox 675 3595 716 3649; x_wconf 88' lang='lat' dir='ltr'><strong>ai·</strong></span> <span class='ocrx_word' id='word_1_310' title='bbox 802 3615 843 3647; x_wconf 87' lang='lat'><strong>12.</strong></span> <span class='ocrx_word' id='word_1_311' title='bbox 869 3597 1016 3669; x_wconf 81' lang='lat' dir='ltr'><strong>immiffaque</strong></span> <span class='ocrx_word' id='word_1_312' title='bbox 1034 3601 1127 3666; x_wconf 86' lang='lat' dir='ltr'><strong>barba]</strong></span> <span class='ocrx_word' id='word_1_313' title='bbox 1155 3601 1254 3654; x_wconf 81' lang='lat' dir='ltr'><strong>Confir-</strong></span> 
     </span>
     <span class='ocr_line' id='line_1_37' title="bbox 227 3665 1291 3735; baseline 0.005 -17"><span class='ocrx_word' id='word_1_314' title='bbox 227 3677 272 3718; x_wconf 84' lang='lat' dir='ltr'><strong>unt</strong></span> <span class='ocrx_word' id='word_1_315' title='bbox 283 3666 309 3718; x_wconf 91' lang='lat' dir='ltr'><strong>in</strong></span> <span class='ocrx_word' id='word_1_316' title='bbox 320 3667 413 3719; x_wconf 82' lang='lat' dir='ltr'><strong>Graecis</strong></span> <span class='ocrx_word' id='word_1_317' title='bbox 424 3667 557 3735; x_wconf 83' lang='lat' dir='ltr'><strong>artificibus</strong></span> <span class='ocrx_word' id='word_1_318' title='bbox 569 3669 617 3718; x_wconf 68' lang='lat' dir='ltr'><strong>&amp;o</strong></span> <span class='ocrx_word' id='word_1_319' title='bbox 673 3685 679 3704; x_wconf 75' lang='lat'><strong>·</strong></span> <span class='ocrx_word' id='word_1_320' title='bbox 764 3677 817 3718; x_wconf 83' lang='lat' dir='ltr'><strong>mat</strong></span> <span class='ocrx_word' id='word_1_321' title='bbox 834 3666 887 3718; x_wconf 82' lang='lat' dir='ltr'><strong>haec</strong></span> <span class='ocrx_word' id='word_1_322' title='bbox 904 3665 1020 3730; x_wconf 80' lang='lat' dir='ltr'><strong>formula,</strong></span> <span class='ocrx_word' id='word_1_323' title='bbox 1035 3681 1059 3720; x_wconf 84' lang='lat' dir='ltr'><strong>et</strong></span> <span class='ocrx_word' id='word_1_324' title='bbox 1076 3669 1176 3722; x_wconf 74' lang='lat' dir='ltr'><strong>vicissim</strong></span> <span class='ocrx_word' id='word_1_325' title='bbox 1193 3681 1253 3723; x_wconf 82' lang='lat' dir='ltr'><strong>curt·</strong></span> <span class='ocrx_word' id='word_1_326' title='bbox 1289 3671 1291 3676; x_wconf 73' lang='grc'><strong>’</strong></span> 
     </span>
     <span class='ocr_line' id='line_1_38' title="bbox 265 3732 1273 3810; baseline 0.005 -23"><span class='ocrx_word' id='word_1_327' title='bbox 265 3755 305 3788; x_wconf 88' lang='lat'><strong>11.</strong></span> <span class='ocrx_word' id='word_1_328' title='bbox 319 3737 445 3788; x_wconf 81' lang='lat' dir='ltr'><strong>adalham</strong></span> <span class='ocrx_word' id='word_1_329' title='bbox 456 3747 480 3787; x_wconf 87' lang='lat' dir='ltr'><strong>et</strong></span> <span class='ocrx_word' id='word_1_330' title='bbox 491 3736 615 3799; x_wconf 81' lang='lat' dir='ltr'><strong>rubricas]</strong></span> <span class='ocrx_word' id='word_1_331' title='bbox 629 3732 715 3786; x_wconf 86' lang='lat' dir='ltr'><strong>Album</strong></span> <span class='ocrx_word' id='word_1_332' title='bbox 765 3733 879 3786; x_wconf 86' lang='lat' dir='ltr'><strong>firmatur</strong></span> <span class='ocrx_word' id='word_1_333' title='bbox 907 3736 957 3798; x_wconf 85' lang='lat' dir='ltr'><strong>his,</strong></span> <span class='ocrx_word' id='word_1_334' title='bbox 981 3752 1038 3806; x_wconf 79' lang='lat' dir='ltr'><strong>quae</strong></span> <span class='ocrx_word' id='word_1_335' title='bbox 1067 3738 1202 3810; x_wconf 83' lang='lat' dir='ltr'><strong>scripfimus</strong></span> <span class='ocrx_word' id='word_1_336' title='bbox 1227 3740 1273 3798; x_wconf 83' lang='lat' dir='ltr'><strong>in,</strong></span> 
     </span>
     <span class='ocr_line' id='line_1_39' title="bbox 225 3803 1252 3872; baseline 0.003 -15"><span class='ocrx_word' id='word_1_337' title='bbox 225 3803 354 3866; x_wconf 81' lang='lat' dir='ltr'><strong>Praetoris,</strong></span> <span class='ocrx_word' id='word_1_338' title='bbox 365 3818 393 3857; x_wconf 90' lang='lat' dir='ltr'><strong>ut</strong></span> <span class='ocrx_word' id='word_1_339' title='bbox 410 3806 494 3856; x_wconf 85' lang='lat' dir='ltr'><strong>omnia</strong></span> <span class='ocrx_word' id='word_1_340' title='bbox 510 3805 566 3857; x_wconf 84' lang='lat' dir='ltr'><strong>inde</strong></span> <span class='ocrx_word' id='word_1_341' title='bbox 577 3805 656 3856; x_wconf 73' lang='lat' dir='ltr'><strong>ediiia</strong></span> <span class='ocrx_word' id='word_1_342' title='bbox 667 3805 715 3854; x_wconf 85' lang='lat' dir='ltr'><strong>dis-</strong></span> <span class='ocrx_word' id='word_1_343' title='bbox 765 3803 837 3856; x_wconf 89' lang='lat' dir='ltr'><strong>Add.</strong></span> <span class='ocrx_word' id='word_1_344' title='bbox 856 3805 886 3856; x_wconf 87' lang='lat' dir='ltr'><strong>ad</strong></span> <span class='ocrx_word' id='word_1_345' title='bbox 907 3807 981 3857; x_wconf 87' lang='lat' dir='ltr'><strong>Varr.</strong></span> <span class='ocrx_word' id='word_1_346' title='bbox 1001 3807 1036 3858; x_wconf 80' lang='lat' dir='ltr'><strong>R.</strong></span> <span class='ocrx_word' id='word_1_347' title='bbox 1058 3808 1093 3858; x_wconf 87' lang='lat' dir='ltr'><strong>R.</strong></span> <span class='ocrx_word' id='word_1_348' title='bbox 1115 3826 1139 3868; x_wconf 87' lang='lat'><strong>1,</strong></span> <span class='ocrx_word' id='word_1_349' title='bbox 1162 3826 1203 3872; x_wconf 77' lang='lat'><strong>31,</strong></span> <span class='ocrx_word' id='word_1_350' title='bbox 1226 3826 1252 3872; x_wconf 82' lang='lat'><strong>3.</strong></span> 
     </span>
     <span class='ocr_line' id='line_1_40' title="bbox 226 3873 1253 3944; baseline 0.003 -19"><span class='ocrx_word' id='word_1_351' title='bbox 226 3886 317 3935; x_wconf 84' lang='lat' dir='ltr'><strong>terent,</strong></span> <span class='ocrx_word' id='word_1_352' title='bbox 336 3885 361 3942; x_wconf 73' lang='lat' dir='ltr'><strong>et</strong></span> <span class='ocrx_word' id='word_1_353' title='bbox 384 3878 409 3926; x_wconf 85' lang='lat' dir='ltr'><strong>in</strong></span> <span class='ocrx_word' id='word_1_354' title='bbox 432 3885 561 3926; x_wconf 84' lang='lat' dir='ltr'><strong>numerato</strong></span> <span class='ocrx_word' id='word_1_355' title='bbox 579 3873 714 3936; x_wconf 68' lang='lat' dir='ltr'><strong>haberentr</strong></span> <span class='ocrx_word' id='word_1_356' title='bbox 765 3873 831 3924; x_wconf 89' lang='lat' dir='ltr'><strong>Nam</strong></span> <span class='ocrx_word' id='word_1_357' title='bbox 843 3885 872 3924; x_wconf 88' lang='lat' dir='ltr'><strong>ut</strong></span> <span class='ocrx_word' id='word_1_358' title='bbox 884 3875 919 3926; x_wconf 88' lang='lat' dir='ltr'><strong>ibi</strong></span> <span class='ocrx_word' id='word_1_359' title='bbox 931 3874 997 3928; x_wconf 71' lang='lat' dir='ltr'><strong>‘uitii</strong></span> <span class='ocrx_word' id='word_1_360' title='bbox 1008 3874 1147 3926; x_wconf 82' lang='lat' dir='ltr'><strong>immittitur</strong></span> <span class='ocrx_word' id='word_1_361' title='bbox 1159 3895 1203 3944; x_wconf 88' lang='lat' dir='ltr'><strong>pro</strong></span> <span class='ocrx_word' id='word_1_362' title='bbox 1214 3895 1253 3940; x_wconf 84' lang='lat' dir='ltr'><strong>eo,</strong></span> 
     </span>
     <span class='ocr_line' id='line_1_41' title="bbox 225 3942 1253 4014; baseline 0.002 -18"><span class='ocrx_word' id='word_1_363' title='bbox 225 3943 339 3996; x_wconf 78' lang='lat' dir='ltr'><strong>rubricas</strong></span> <span class='ocrx_word' id='word_1_364' title='bbox 352 3955 433 3994; x_wconf 87' lang='lat' dir='ltr'><strong>autern</strong></span> <span class='ocrx_word' id='word_1_365' title='bbox 451 3943 582 4002; x_wconf 87' lang='lat' dir='ltr'><strong>ICtorum‚</strong></span> <span class='ocrx_word' id='word_1_366' title='bbox 594 3958 652 4010; x_wconf 83' lang='lat' dir='ltr'><strong>quae</strong></span> <span class='ocrx_word' id='word_1_367' title='bbox 664 3942 716 4004; x_wconf 85' lang='lat' dir='ltr'><strong>jam</strong></span> <span class='ocrx_word' id='word_1_368' title='bbox 765 3943 833 4010; x_wconf 85' lang='lat' dir='ltr'><strong>quod</strong></span> <span class='ocrx_word' id='word_1_369' title='bbox 851 3942 973 3995; x_wconf 77' lang='lat' dir='ltr'><strong>sotenntus</strong></span> <span class='ocrx_word' id='word_1_370' title='bbox 994 3943 1027 3994; x_wconf 86' lang='lat' dir='ltr'><strong>est</strong></span> <span class='ocrx_word' id='word_1_371' title='bbox 1043 3943 1196 4014; x_wconf 78' lang='lat' dir='ltr'><strong>submittitur</strong></span> <span class='ocrx_word' id='word_1_372' title='bbox 1214 3947 1253 3998; x_wconf 84' lang='lat' dir='ltr'><strong>vel</strong></span> 
     </span>
     <span class='ocr_line' id='line_1_42' title="bbox 226 4009 1255 4082; baseline 0.002 -18"><span class='ocrx_word' id='word_1_373' title='bbox 226 4029 256 4064; x_wconf 81' lang='lat' dir='ltr'><strong>ea</strong></span> <span class='ocrx_word' id='word_1_374' title='bbox 278 4023 350 4064; x_wconf 84' lang='lat' dir='ltr'><strong>aetate</strong></span> <span class='ocrx_word' id='word_1_375' title='bbox 372 4013 418 4063; x_wconf 91' lang='lat' dir='ltr'><strong>hoc</strong></span> <span class='ocrx_word' id='word_1_376' title='bbox 438 4028 526 4063; x_wconf 87' lang='lat' dir='ltr'><strong>nomen</strong></span> <span class='ocrx_word' id='word_1_377' title='bbox 549 4009 665 4070; x_wconf 75' lang='lat' dir='ltr'><strong>habuiist,</strong></span> <span class='ocrx_word' id='word_1_378' title='bbox 686 4027 717 4060; x_wconf 85' lang='lat' dir='ltr'><strong>ex</strong></span> <span class='ocrx_word' id='word_1_379' title='bbox 758 4009 937 4081; x_wconf 79' lang='lat' dir='ltr'><strong>summittitur3</strong></span> <span class='ocrx_word' id='word_1_380' title='bbox 956 4014 991 4063; x_wconf 80' lang='lat' dir='ltr'><strong>ita</strong></span> <span class='ocrx_word' id='word_1_381' title='bbox 1007 4011 1050 4064; x_wconf 80' lang='lat' dir='ltr'><strong>hir</strong></span> <span class='ocrx_word' id='word_1_382' title='bbox 1065 4011 1166 4082; x_wconf 73' lang='lat' dir='ltr'><strong>immiffa</strong></span> <span class='ocrx_word' id='word_1_383' title='bbox 1176 4016 1255 4067; x_wconf 82' lang='lat' dir='ltr'><strong>barba</strong></span> 
     </span>
     <span class='ocr_line' id='line_1_43' title="bbox 226 4077 1255 4151; baseline 0.001 -17"><span class='ocrx_word' id='word_1_384' title='bbox 226 4079 307 4134; x_wconf 77' lang='lat' dir='ltr'><strong>Persio</strong></span> <span class='ocrx_word' id='word_1_385' title='bbox 330 4094 355 4145; x_wconf 79' lang='lat'><strong>5,</strong></span> <span class='ocrx_word' id='word_1_386' title='bbox 374 4096 419 4148; x_wconf 81' lang='lat'><strong>90,</strong></span> <span class='ocrx_word' id='word_1_387' title='bbox 441 4091 466 4131; x_wconf 87' lang='lat' dir='ltr'><strong>et</strong></span> <span class='ocrx_word' id='word_1_388' title='bbox 485 4079 586 4151; x_wconf 80' lang='lat' dir='ltr'><strong>Masuri</strong></span> <span class='ocrx_word' id='word_1_389' title='bbox 606 4077 717 4140; x_wconf 84' lang='lat' dir='ltr'><strong>rubrica,</strong></span> <span class='ocrx_word' id='word_1_390' title='bbox 759 4080 807 4142; x_wconf 70' lang='lat' dir='ltr'><strong>est,</strong></span> <span class='ocrx_word' id='word_1_391' title='bbox 828 4097 885 4149; x_wconf 81' lang='lat' dir='ltr'><strong>quae</strong></span> <span class='ocrx_word' id='word_1_392' title='bbox 907 4079 969 4131; x_wconf 72' lang='lat' dir='ltr'><strong>aliar</strong></span> <span class='ocrx_word' id='word_1_393' title='bbox 979 4079 1102 4151; x_wconf 65' lang='lat' dir='ltr'><strong>submss&#39;a.</strong></span> <span class='ocrx_word' id='word_1_394' title='bbox 1128 4085 1255 4135; x_wconf 83' lang='lat' dir='ltr'><strong>Caeterum</strong></span> 
     </span>
     <span class='ocr_line' id='line_1_44' title="bbox 226 4149 1257 4220; baseline 0.002 -18"><span class='ocrx_word' id='word_1_395' title='bbox 226 4161 338 4220; x_wconf 81' lang='lat' dir='ltr'><strong>apparet.</strong></span> <span class='ocrx_word' id='word_1_396' title='bbox 705 4195 709 4202; x_wconf 83' lang='lat'>.</span> <span class='ocrx_word' id='word_1_397' title='bbox 765 4149 806 4200; x_wconf 90' lang='lat' dir='ltr'><strong>hic</strong></span> <span class='ocrx_word' id='word_1_398' title='bbox 830 4151 903 4202; x_wconf 84' lang='lat' dir='ltr'><strong>etiarn</strong></span> <span class='ocrx_word' id='word_1_399' title='bbox 926 4150 978 4218; x_wconf 82' lang='lat' dir='ltr'><strong>peti</strong></span> <span class='ocrx_word' id='word_1_400' title='bbox 999 4150 1089 4217; x_wconf 77' lang='lat' dir='ltr'><strong>invitos</strong></span> <span class='ocrx_word' id='word_1_401' title='bbox 1109 4153 1257 4212; x_wconf 74' lang='lat' dir='ltr'><strong>Domitiano</strong></span> 
     </span>
     <span class='ocr_line' id='line_1_45' title="bbox 266 4214 1084 4290; baseline 0.005 -20"><span class='ocrx_word' id='word_1_402' title='bbox 266 4235 319 4286; x_wconf 57' lang='lat' dir='ltr'><strong>rr„</strong></span> <span class='ocrx_word' id='word_1_403' title='bbox 333 4214 443 4284; x_wconf 73' lang='lat' dir='ltr'><strong>agatii]</strong></span> <span class='ocrx_word' id='word_1_404' title='bbox 471 4217 511 4268; x_wconf 87' lang='lat' dir='ltr'><strong>De</strong></span> <span class='ocrx_word' id='word_1_405' title='bbox 530 4220 603 4269; x_wconf 87' lang='lat' dir='ltr'><strong>Orat.</strong></span> <span class='ocrx_word' id='word_1_406' title='bbox 627 4235 651 4278; x_wconf 87' lang='lat'><strong>1,</strong></span> <span class='ocrx_word' id='word_1_407' title='bbox 674 4233 717 4282; x_wconf 81' lang='grc' dir='ltr'><strong>ςς,</strong></span> <span class='ocrx_word' id='word_1_408' title='bbox 763 4217 1056 4290; x_wconf 71' lang='lat' dir='ltr'><strong>philosophos,appuret.</strong></span> <span class='ocrx_word' id='word_1_409' title='bbox 1083 4275 1084 4278; x_wconf 67' lang='grc'>,</span> 
     </span>
     <span class='ocr_line' id='line_1_46' title="bbox 227 4283 956 4363; baseline -0.005 -22"><span class='ocrx_word' id='word_1_410' title='bbox 227 4287 268 4343; x_wconf 81' lang='lat' dir='ltr'><strong>Ita</strong></span> <span class='ocrx_word' id='word_1_411' title='bbox 291 4287 326 4359; x_wconf 80' lang='lat' dir='ltr'><strong>est</strong></span> <span class='ocrx_word' id='word_1_412' title='bbox 341 4285 386 4342; x_wconf 79' lang='lat' dir='ltr'><strong>uti</strong></span> <span class='ocrx_word' id='word_1_413' title='bbox 405 4283 593 4363; x_wconf 76' lang='lat' dir='ltr'><strong>Juriscunfiuitus</strong></span> <span class='ocrx_word' id='word_1_414' title='bbox 609 4284 657 4358; x_wconf 82' lang='lat' dir='ltr'><strong>ipse</strong></span> <span class='ocrx_word' id='word_1_415' title='bbox 671 4295 720 4356; x_wconf 78' lang='lat' dir='ltr'><strong>prr</strong></span> <span class='ocrx_word' id='word_1_416' title='bbox 953 4289 956 4300; x_wconf 90' lang='grc'><strong>“</strong></span> 
     </span>
    </p>
   </div>
   <div class='ocr_carea' id='block_1_7' title="bbox 0 0 1527 4918">
    <p class='ocr_par' dir='ltr' id='par_1_7' title="bbox 0 0 1527 4918">
     <span class='ocr_line' id='line_1_47' title="bbox 0 0 1527 4918; baseline 0 0"><span class='ocrx_word' id='word_1_417' title='bbox 0 0 1527 4918; x_wconf 95' lang='lat' dir='ltr'><strong> </strong></span> 
     </span>
    </p>
   </div>
  </div>
 </body>
</html>
