3008 4914
211 461 272 520 342
445 441 491 500 M.
512 439 638 499 rann
660 407 1010 502 onrncr'nrnn't

216 603 339 672 diceret
378 603 493 692 agebat
515 592 622 688 antem
647 603 818 687 maxime⁸)
843 593 1026 702 litigatoris.
1070 597 1158 664 Nam
1182 596 1300 678 hoc46

217 691 283 776 ipso
325 713 340 752 r
383 701 459 766 erat,
472 689 559 778 qnod
581 689 738 774 placebat.
782 685 837 752 Ad
857 709 950 776 cnjus
971 687 1043 750 volu
1067 697 1148 749 tates
1167 682 1250 747 nibil

219 712 370 864 equidem
386 773 472 860 quod
487 773 560 838 addi
575 773 688 862 possitb
709 773 848 854 invenio,
863 773 918 838 nisi
934 785 972 836 nt
985 708 1087 836 sensis
1101 791 1160 833 nos
1175 769 1249 856 qui-

220 859 295 925 dem
311 859 454 924 dieamus
474 857 591 945 plures.
635 861 752 946 Neque
767 853 854 922 enim
869 857 935 922 fieri
956 857 1056 944 potest
1069 854 1153 919 salva
1166 867 1250 944 trac·
1281 886 1301 904 ··

220 945 342 1010 tatione
363 945 471 1008 caussae
491 956 525 1009 et
545 943 672 1008 dicendi
694 943 894 1022 auctoritate,
910 940 952 1006 fic
975 943 1084 1007 crebra
1105 941 1175 1004 haec
1198 939 1249 1002 ln·

221 1030 311 1094 mina
333 1041 366 1096 et
391 1027 543 1092 continua
567 1027 696 1106 suerint,
717 1031 777 1093 ut‘¹
800 1051 865 1094 non
888 1027 1025 1092 invicem
1047 1025 1213 1090 offecerint
1225 1033 1249 1085 ‘.

222 1114 287 1180 Sed
310 1137 362 1178 me
383 1115 443 1178 hac
465 1125 559 1178 tenus
578 1113 744 1178 cedentem
762 1136 857 1180 nemo
882 1113 1064 1199 insequatur
1083 1111 1186 1174 ultra:
1209 1109 1251 1172 do
1263 1121 1304 1188 47

222 1199 371 1285 tempori,
394 1221 435 1263 ne
460 1197 575 1264 crassas
600 1213 678 1286 toga
699 1199 736 1263 srt
749 1223 759 1278 3
782 1211 867 1262 finon
891 1197 1007 1261 serica:
1031 1219 1071 1261 ne
1092 1193 1253 1260 intonsum

223 1288 338 1372 'eaput;
362 1307 425 1348 non
442 1283 500 1348 inh
522 1283 642 1372 gradus
660 1295 693 1348 at
716 1308 756 1349 ue
778 1281 932 1348 annulos¹
955 1295 1059 1348 totum
1083 1290 1251 1346 comtum:

223 1387 298 1434 eum
322 1369 355 1434 in
372 1391 422 1446 eo,
438 1369 515 1454 qni¹
540 1369 570 1431 sc
592 1389 655 1431 non
677 1307 718 1432 ad
740 1369 895 1433 luxuriam
920 1390 956 1432 ac
981 1365 1147 1432 libidinem
1173 1364 1256 1430 refe«

223 1467 316 1534 ram,
348 1454 459 1516 eadem
493 1453 675 1540 speciofiora
701 1476 829 1540 quoque
858 1455 926 1531 sint,
957 1475 1029 1539 qnae
1065 1451 1252 1516 honestiora.

225 1539 379 1607 Ceterum
402 1537 464 1601 hoc
485 1539 572 1626 quod
594 1537 691 1626 vulgo
702 1540 868 1624 sententias
882 1559 1048 1615 vocamus,
1068 1535 1253 1620 (veteribm,
1265 1529 1307 1611 48
1409 1579 1412 1584 a

224 1623 445 1722 praecipueque
469 1623 590 1687 Graecis
610 1621 642 1686 in
667 1624 723 1688 usu
745 1623 905 1702 nonfuit,
929 1621 1014 1708 apud
1040 1621 1255 1686 Ciceronem¹¹

223 1709 365 1786 invenio)
391 1707 467 1770 dum
488 1731 553 1773 rem
578 1708 772 1788 contineant,
788 1722 821 1774 et
840 1707 930 1794 copia
952 1719 1040 1771 non⁰
1063 1705 1254 1783 redundent,

225 1792 319 1858 etad
344 1792 507 1857 victoriam
530 1793 681 1880 spetiem,
697 1796 768 1882 quis
790 1794 869 1860 utile
892 1793 1014 1880 neget?
1041 1791 1170 1856 Feriunt
1189 1791 1257 1854 ani-

225 1901 329 1957 mum,
346 1891 379 1941 et
398 1900 465 1942 uno
488 1878 556 1944 ittu
577 1877 760 1964 frequenter
780 1879 961 1966 impellunt,
977 1890 1010 1942 et
1023 1876 1088 1964 ipsa
1100 1876 1256 1940 brevitdte

225 1965 330 2050 magis
345 1963 477 2041 haerent,
493 1977 526 2027 et
540 1963 703 2027 dictioner
726 1963 921 2051 persuadent.
968 1965 1016 2026 Ac
1031 1964 1103 2026 sir'nt
1116 1961 1172 2048 qui
1187 1961 1257 2023 haec
1268 1975 1310 2042 49

225 2047 409 2112 excitatiora
429 2048 560 2126 lumina,
586 2047 705 2112 etiamst
728 2049 831 2114 dicere
877 2047 1098 2126 ermittant‚'a
1125 2047 1257 2132 compo·

226 2133 340 2202 nendis
355 2148 461 2197 tamen
480 2135 674 2198 orationibus
695 2073 893 2199 excludenda
913 2134 1116 2198 arbitrentur.
1162 2133 1256 2196 Quo·

226 2217 311 2284 circa
332 2217 415 2282 mibi
436 2241 476 2282 ne
499 2219 553 2281 hic
569 2217 697 2304 quidem
713 2220 804 2283 locus
826 2217 961 2282 intatbu
983 2219 1025 2280 ess
1047 2215 1256 2293 omittendus,

225 2304 314 2454 quod
330 2304 435 2390 piures
450 2303 645 2367 eruditorum
661 2304 754 2368 aliam
767 2303 827 2368 esse
840 2303 965 2366 dicendi
982 2301 1148 2378 rationem,
1163 2300 1257 2364 aliam
1342 2320 1345 2325 ·

240 2385 381 2454 cribendi
397 2402 604 2474 putaverunt:
628 2387 764 2476 ideoque
779 2390 810 2452 in
826 2387 952 2476 agendo
967 2385 1147 2450 etariffimos
1162 2383 1258 2472 quos·

226 2473 300 2538 dam
331 2473 412 2537 nihil
441 2473 611 2560 posteritati
641 2473 853 2562 mansurisque
886 2473 974 2558 [mox
992 2471 1026 2556 †]
1058 2470 1158 2536 literis
1187 2469 1260 2534 resi-

228 2559 339 2644 quiffe‚
355 2571 391 2623 ut
413 2559 555 2621 Periclem
578 2572 611 2622 et
633 2561 815 2623 Demaden:
838 2558 941 2622 rursus
963 2557 1041 2620 alios
1064 2555 1103 2618 ad
1126 2559 1196 2620 com
1222 2577 1258 2620 o-
1270 2565 1314 2636 50

228 2644 371 2708 nendum
392 2643 544 2728 optimos,
572 2641 749 2709 actionibus
771 2644 903 2708 idoneos
924 2663 987 2705 non
1009 2639 1108 2720 fnisse,
1135 2653 1172 2704 ut
1197 2579 1259 2706 io-

230 2741 360 2794 cratem:
382 2741 533 2814 praeterea
554 2728 586 2792 in
610 2729 734 2815 agendo
749 2730 820 2816 plns
834 2729 996 2814 impetusq
1019 2725 1102 2812 posse
1121 2726 1260 2812 plerum-

230 2836 306 2900 que,
322 2827 355 2876 et
377 2813 491 2899 petitas
516 2813 565 2876 vel
588 2814 698 2898 paullo
719 2813 867 2880 licentius
888 2812 1091 2910 voluptates3
1115 2832 1259 2874 commo-

230 2899 351 2968 vendos
364 2898 450 2968 enim
467 2899 537 2979 esse,
548 2899 804 2988 ducendosque1
827 2898 950 2962 animos
965 2897 1205 2982 rnrperitorum:
1228 2910 1261 2962 at

233 3119 237 3128 .
265 3097 345 3132 arem
357 3085 388 3130 G.
471 3083 574 3146 '’posset
586 3083 617 3130 G.
697 3085 827 3148 enonirffi
839 3085 945 3133 G.Jens.
1030 3083 1261 3132 retianosens.

232 3150 425 3201 ‘effecerintG‚
511 3149 676 3210 ‘'nigrasens.
774 3151 925 3202 antimo,
1021 3149 1262 3208 ”smaragdusrent

235 3211 456 3260 ‘annulicentum
466 3212 696 3261 fintcumeoJens.
777 3212 834 3274 ¹qu
878 3212 1012 3262 fiG.Jens.
1050 3241 1051 3245 =
1088 3219 1105 3241 ¹¹¹
1126 3213 1261 3260 reserasiid.

233 3289 248 3320 n
265 3277 383 3339 eniminfi
396 3278 436 3323 sid.
470 3294 472 3298 ’
501 3286 512 3306 ⁰
531 3277 646 3325 ondens.
721 3277 879 3336 rdejeenone
890 3280 921 3326 G.
992 3277 1264 3340 †Vidaeruroriofirm„er

234 3343 302 3407 nescio
313 3359 368 3398 unae
379 3332 501 3405 irrcpfifflf
579 3352 590 3384 a
609 3344 729 3403 impetum
741 3340 798 3409 pler.
811 3343 842 3390 G.
853 3343 917 3394 stus.
1000 3343 1015 3400 2
1031 3342 1199 3404 ducendosque
1208 3344 1263 3406 corrj.

234 3410 314 3456 Burm.
325 3408 433 3468 etfi'rmat
443 3406 474 3456 ad
485 3403 556 3458 ovid.
568 3406 626 3462 Met.
641 3422 680 3466 11,
692 3422 715 3454 z.

234 3569 344 3630 dicebat,
363 3567 385 3622 se
402 3569 476 3620 etiam
494 3585 550 3619 cum
570 3565 725 3620 delettationi
774 3568 911 3637 dequibus
924 3573 949 3632 8,
964 3587 988 3636 ς,
1005 3569 1051 3621 nbi
1067 3569 1098 3622 ad
1111 3569 1183 3622 finem
1196 3569 1264 3640 capi·

235 3652 330 3710 partem
343 3639 466 3708 quandam
484 3639 531 3689 snae
549 3638 666 3689 orationis
681 3639 725 3690 da·
775 3641 808 3688 tia
820 3639 903 3690 eadem
921 3639 970 3692 fere
981 3657 1037 3708 quae
1049 3637 1089 3690 hic
1106 3651 1197 3691 monet.
1228 3639 1265 3690 Is·

237 3721 283 3769 ret,
297 3727 347 3762 rem
367 3725 439 3776 agere
455 3707 610 3778 ¹litigatoris,
637 3707 726 3776 agebat
775 3708 819 3759 lud
832 3707 914 3780 Neque
925 3709 988 3762 enim
999 3709 1096 3762 videtur
1113 3709 1264 3766 itaconnec-

236 3790 330 3838 autern,
341 3779 419 3835 Fabio
432 3777 523 3842 jndice,
535 3777 650 3828 maxime.
680 3778 726 3828 Ni·
753 3777 887 3831 tendum.
918 3780 964 3846 Ad
978 3777 1063 3832 Tullii
1074 3775 1214 3846 voluptates
1226 3777 1264 3829 ni-

237 3851 330 3902 mirum
342 3859 366 3901 et
384 3847 472 3902 Cicero
483 3847 591 3906 dicebat,
603 3859 627 3896 et
645 3845 727 3898 firmat
776 3847 812 3900 his
824 3850 881 3900 addi
893 3848 978 3918 potest,
991 3845 1033 3900 nisi
1046 3859 1073 3898 ut
1085 3847 1173 3907 sensns,
1185 3845 1210 3897 id
1222 3847 1264 3908 esi,

238 3918 343 3975 Fabius,
355 3915 503 3966 delettandis
516 3916 540 3966 in
558 3914 613 3966 loco
630 3915 728 3972 andito·
777 3918 905 3970 sententias
923 3917 1006 3984 plures
1026 3917 1156 3970 dicamusr
1183 3915 1267 3984 plures

238 3989 318 4044 ribus,
327 3985 454 4049 judicibus
466 3985 608 4053 praesertim,
620 4002 671 4035 rem
686 3987 728 4054 agi
777 3988 889 4055 inquam,
913 4003 961 4037 non
981 4003 1062 4038 meras
1082 3998 1106 4036 et
1126 3997 1265 4055 perpetuas.

237 4055 387 4123 litigatoris=
407 4072 458 4124 quo
475 4057 539 4106 enim
556 4054 728 4122 quisdelesia-
778 4055 861 4126 Neque
880 4055 943 4120 enirn
955 4054 1017 4122 fieri
1031 4055 1104 4130 potet?
1124 4057 1174 4123 &o
1210 4057 1267 4108 Hoc

239 4136 290 4184 tnr,
305 4121 340 4174 ilii
352 4121 427 4181 sanet,
440 4123 481 4173 cui
499 4121 564 4173 favet
576 4123 646 4174 ilium
660 4125 729 4192 cupit
779 4125 898 4187 indicant,
913 4141 970 4192 qnae
988 4115 1132 4192 sequuntur,
1150 4125 1189 4175 Do
1207 4135 1269 4178 tent·

135 4220 139 4237 ·
235 4189 729 4260 ¹uincere,illicredit,s1jndexfit,,s'aci-
774 4194 842 4266 pori,
853 4212 882 4259 ne
893 4193 967 4262 craffa
979 4202 1035 4264 toga
1042 4194 1086 4260 fit,
1098 4211 1144 4250 non
1156 4193 1211 4246 ideo
1222 4193 1268 4252 sta-

240 4265 299 4316 lius.
321 4263 410 4328 Itaque
421 4261 484 4310 nihii
496 4273 576 4312 muto.
779 4265 825 4322 tim
834 4263 876 4327 do,
890 4261 1014 4332 ntserita',

274 4336 320 4404 46.
334 4331 457 4402 ssnsus-
462 4329 559 4408 plures]
583 4331 731 4402 Sententiae,
